%% This BibTeX bibliography file was created using BibDesk.
%% http://bibdesk.sourceforge.net/


%% Created for Dennis Evangelista at 2008-10-27 15:54:16 -0700 


%% Saved with string encoding Unicode (UTF-8) 



@book{Vogel:2003,
	Author = {Vogel, Steven},
	Date-Added = {2008-10-15 11:19:31 -0700},
	Date-Modified = {2008-10-15 11:20:08 -0700},
	Publisher = {Princeton University Press},
	Title = {Comparative Biomechanics: Life's physical world},
	Year = {2003}}

@book{Ruppert:2003,
	Author = {Ruppert, E. and Fox, R. and Barnes, R. D.},
	Date-Added = {2008-10-15 11:18:35 -0700},
	Date-Modified = {2008-10-15 11:20:08 -0700},
	Edition = {7th},
	Publisher = {Brooks Cole},
	Title = {Invertebrate Zoology: A functional evolutionary approach},
	Year = {2003}}

@article{Koehl:2003,
	Author = {Koehl, Mimi A. R.},
	Date-Added = {2008-10-15 11:16:07 -0700},
	Date-Modified = {2008-10-15 11:20:07 -0700},
	Journal = {Phil. Trans. R. Soc. Lond. B},
	Pages = {1589-1596},
	Title = {Physical modeling in biomechanics},
	Volume = {358},
	Year = {2003}}

@book{Fothergill:2002,
	Address = {London},
	Author = {Fothergill, A. and Holmes, M. and Byatt, A. and Attenborough, D.},
	Date-Added = {2008-10-15 11:14:37 -0700},
	Date-Modified = {2008-10-15 11:20:07 -0700},
	Publisher = {D. K. Publishing},
	Title = {The Blue Planet: Sea of Life},
	Year = {2002}}

@article{Dalby:1988,
	Author = {Dalby Jr., J. E. and Eliott, J. K. and Ross, D. M.},
	Date-Added = {2008-10-15 11:12:04 -0700},
	Date-Modified = {2008-10-15 11:33:22 -0700},
	Journal = {Can. J. Zool.},
	Number = {11},
	Pages = {2484-2491},
	Title = {The swim response of the actinian \emph{{S}tomphia didemon} to certain asteroids: distributional and phylogenetic implications},
	Volume = {66},
	Year = {1988}}

@article{Purcell:1977,
	Affiliation = {Harvard University},
	Author = {E. M Purcell},
	Date-Added = {2007-07-06 21:28:30 -0700},
	Date-Modified = {2008-10-15 11:43:12 -0700},
	Journal = {American Journal of Physics},
	Month = {May},
	Number = {1},
	Pages = {3},
	Rating = {2},
	Title = {Life at low {R}eynolds number},
	Uri = {papers://7745578F-AF22-43C6-9381-71DCABA46510/Paper/p633},
	Volume = {45},
	Year = {1977},
	Bdsk-File-1 = {YnBsaXN0MDDUAQIDBAUGCQpYJHZlcnNpb25UJHRvcFkkYXJjaGl2ZXJYJG9iamVjdHMSAAGGoNE
HCFRyb290gAFfEA9OU0tleWVkQXJjaGl2ZXKoCwwXGBkdJCVVJG51bGzTDQ4PEBEUViRjbGFzc1
dOUy5rZXlzWk5TLm9iamVjdHOAB6ISE4ACgAOiFRaABIAGWWFsaWFzRGF0YVxyZWxhdGl2ZVBhd
GjSDRobHFdOUy5kYXRhgAVPEQIuAAAAAAIuAAIAAAxNYWNpbnRvc2ggSEQAAAAAAAAAAAAAAAAA
AADDYZv1SCsAAAAMBEMfQW1lcmljYW4gSm91cm5hbCBvZiBQI0MwNDQ0LnBkZgAAAAAAAAAAAAA
AAAAAAAAAAAAAAAAAAAAAAAAAAAAAAAwERMFt63AAAAAAAAAAAAACAAUAAAkgAAAAAAAAAAAAAA
AAAAAAB1B1cmNlbGwAABAACAAAw2IMdQAAABEACAAAwW5b8AAAAAEAGAAMBEMADAQ2AAwDTgAL3
9oAC9+FAAB5awACAGJNYWNpbnRvc2ggSEQ6VXNlcnM6ZGVubmlzZXZhbmdlbGlzdGE6RG9jdW1l
bnRzOlBhcGVyczoxOTc3OlB1cmNlbGw6QW1lcmljYW4gSm91cm5hbCBvZiBQI0MwNDQ0LnBkZgA
OAFoALABBAG0AZQByAGkAYwBhAG4AIABKAG8AdQByAG4AYQBsACAAbwBmACAAUABoAHkAcwBpAG
MAcwAgADEAOQA3ADcAIABQAHUAcgBjAGUAbABsAC4AcABkAGYADwAaAAwATQBhAGMAaQBuAHQAb
wBzAGgAIABIAEQAEgBiVXNlcnMvZGVubmlzZXZhbmdlbGlzdGEvRG9jdW1lbnRzL1BhcGVycy8x
OTc3L1B1cmNlbGwvQW1lcmljYW4gSm91cm5hbCBvZiBQaHlzaWNzIDE5NzcgUHVyY2VsbC5wZGY
AEwABLwAAFQACABj//wAA0h4fICFYJGNsYXNzZXNaJGNsYXNzbmFtZaMhIiNdTlNNdXRhYmxlRG
F0YVZOU0RhdGFYTlNPYmplY3RfEFAuLi8uLi9Eb2N1bWVudHMvUGFwZXJzLzE5NzcvUHVyY2Vsb
C9BbWVyaWNhbiBKb3VybmFsIG9mIFBoeXNpY3MgMTk3NyBQdXJjZWxsLnBkZtIeHyYnoicjXE5T
RGljdGlvbmFyeQAIABEAGgAfACkAMgA3ADoAPwBBAFMAXABiAGkAcAB4AIMAhQCIAIoAjACPAJE
AkwCdAKoArwC3ALkC6wLwAvkDBAMIAxYDHQMmA3kDfgOBAAAAAAAAAgEAAAAAAAAAKAAAAAAAAA
AAAAAAAAAAA44=}}

@article{Parker:1994,
	Author = {T Parker and Verena Tunnicliffe},
	Date-Added = {2008-08-06 21:47:13 -0700},
	Date-Modified = {2008-10-15 11:20:08 -0700},
	Journal = {The Biological Bulletin},
	Number = {3},
	Pages = {336--345},
	Pmid = {4905273859335121616related:0Oqt95UIE0QJ},
	Rating = {0},
	Title = {Dispersal strategies of the biota on an oceanic seamount: Implications for ecology and biogeography},
	Uri = {papers://7745578F-AF22-43C6-9381-71DCABA46510/Paper/p4795},
	Volume = {187},
	Year = {1994},
	Bdsk-File-1 = {YnBsaXN0MDDUAQIDBAUGCQpYJHZlcnNpb25UJHRvcFkkYXJjaGl2ZXJYJG9iamVjdHMSAAGGoNE
HCFRyb290gAFfEA9OU0tleWVkQXJjaGl2ZXKoCwwXGBkdJCVVJG51bGzTDQ4PEBEUViRjbGFzc1
dOUy5rZXlzWk5TLm9iamVjdHOAB6ISE4ACgAOiFRaABIAGWWFsaWFzRGF0YVxyZWxhdGl2ZVBhd
GjSDRobHFdOUy5kYXRhgAVPEQH0AAAAAAH0AAIAAAxNYWNpbnRvc2ggSEQAAAAAAAAAAAAAAAAA
AADDYZv1SCsAAANtCJsbQmlvbC4gQnVsbC4gMTk5NCBQYXJrZXIucGRmAAAAAAAAAAAAAAAAAAA
AAAAAAAAAAAAAAAAAAAAAAAAAAAAAA2y/jsS/yxQAAAAAAAAAAAACAAUAAAkgAAAAAAAAAAAAAA
AAAAAABlBhcmtlcgAQAAgAAMNiDHUAAAARAAgAAMTALYQAAAABABgDbQibAAwFMgAMA04AC9/aA
AvfhQAAeWsAAgBdTWFjaW50b3NoIEhEOlVzZXJzOmRlbm5pc2V2YW5nZWxpc3RhOkRvY3VtZW50
czpQYXBlcnM6MTk5NDpQYXJrZXI6QmlvbC4gQnVsbC4gMTk5NCBQYXJrZXIucGRmAAAOADgAGwB
CAGkAbwBsAC4AIABCAHUAbABsAC4AIAAxADkAOQA0ACAAUABhAHIAawBlAHIALgBwAGQAZgAPAB
oADABNAGEAYwBpAG4AdABvAHMAaAAgAEgARAASAFBVc2Vycy9kZW5uaXNldmFuZ2VsaXN0YS9Eb
2N1bWVudHMvUGFwZXJzLzE5OTQvUGFya2VyL0Jpb2wuIEJ1bGwuIDE5OTQgUGFya2VyLnBkZgAT
AAEvAAAVAAIAGP//AADSHh8gIVgkY2xhc3Nlc1okY2xhc3NuYW1loyEiI11OU011dGFibGVEYXR
hVk5TRGF0YVhOU09iamVjdF8QPi4uLy4uL0RvY3VtZW50cy9QYXBlcnMvMTk5NC9QYXJrZXIvQm
lvbC4gQnVsbC4gMTk5NCBQYXJrZXIucGRm0h4fJieiJyNcTlNEaWN0aW9uYXJ5AAgAEQAaAB8AK
QAyADcAOgA/AEEAUwBcAGIAaQBwAHgAgwCFAIgAigCMAI8AkQCTAJ0AqgCvALcAuQKxArYCvwLK
As4C3ALjAuwDLQMyAzUAAAAAAAACAQAAAAAAAAAoAAAAAAAAAAAAAAAAAAADQg==}}

@article{Mahadevan:1999,
	Author = {L Mahadevan and William S Ryu and ADT Samuel},
	Date-Added = {2008-08-10 09:43:56 -0700},
	Date-Modified = {2008-10-15 11:20:08 -0700},
	Journal = {Physics of Fluids},
	Pages = {1},
	Pmid = {4355330098754215395related:493PN6Y9cTwJ},
	Rating = {0},
	Title = {Tumbling cards},
	Uri = {papers://7745578F-AF22-43C6-9381-71DCABA46510/Paper/p4814},
	Volume = {11},
	Year = {1999},
	Bdsk-File-1 = {YnBsaXN0MDDUAQIDBAUGCQpYJHZlcnNpb25UJHRvcFkkYXJjaGl2ZXJYJG9iamVjdHMSAAGGoNE
HCFRyb290gAFfEA9OU0tleWVkQXJjaGl2ZXKoCwwXGBkdJCVVJG51bGzTDQ4PEBEUViRjbGFzc1
dOUy5rZXlzWk5TLm9iamVjdHOAB6ISE4ACgAOiFRaABIAGWWFsaWFzRGF0YVxyZWxhdGl2ZVBhd
GjSDRobHFdOUy5kYXRhgAVPEQIOAAAAAAIOAAIAAAxNYWNpbnRvc2ggSEQAAAAAAAAAAAAAAAAA
AADDYZv1SCsAAANu00AfUGh5cy4gRmx1aWRzIDE5OTkgTWFoYWRldmFuLnBkZgAAAAAAAAAAAAA
AAAAAAAAAAAAAAAAAAAAAAAAAAAAAA27S98TDshwAAAAAAAAAAAACAAUAAAkgAAAAAAAAAAAAAA
AAAAAACU1haGFkZXZhbgAAEAAIAADDYgx1AAAAEQAIAADExBSMAAAAAQAYA27TQAAMBfMADANOA
Avf2gAL34UAAHlrAAIAZE1hY2ludG9zaCBIRDpVc2VyczpkZW5uaXNldmFuZ2VsaXN0YTpEb2N1
bWVudHM6UGFwZXJzOjE5OTk6TWFoYWRldmFuOlBoeXMuIEZsdWlkcyAxOTk5IE1haGFkZXZhbi5
wZGYADgBAAB8AUABoAHkAcwAuACAARgBsAHUAaQBkAHMAIAAxADkAOQA5ACAATQBhAGgAYQBkAG
UAdgBhAG4ALgBwAGQAZgAPABoADABNAGEAYwBpAG4AdABvAHMAaAAgAEgARAASAFdVc2Vycy9kZ
W5uaXNldmFuZ2VsaXN0YS9Eb2N1bWVudHMvUGFwZXJzLzE5OTkvTWFoYWRldmFuL1BoeXMuIEZs
dWlkcyAxOTk5IE1haGFkZXZhbi5wZGYAABMAAS8AABUAAgAY//8AANIeHyAhWCRjbGFzc2VzWiR
jbGFzc25hbWWjISIjXU5TTXV0YWJsZURhdGFWTlNEYXRhWE5TT2JqZWN0XxBFLi4vLi4vRG9jdW
1lbnRzL1BhcGVycy8xOTk5L01haGFkZXZhbi9QaHlzLiBGbHVpZHMgMTk5OSBNYWhhZGV2YW4uc
GRm0h4fJieiJyNcTlNEaWN0aW9uYXJ5AAgAEQAaAB8AKQAyADcAOgA/AEEAUwBcAGIAaQBwAHgA
gwCFAIgAigCMAI8AkQCTAJ0AqgCvALcAuQLLAtAC2QLkAugC9gL9AwYDTgNTA1YAAAAAAAACAQA
AAAAAAAAoAAAAAAAAAAAAAAAAAAADYw==}}

@article{Bridge:1992,
	Author = {Bridge, D. and Cunningham, C. W. and Schierwater, B. and de-Salle, R. and Buss, L. W.},
	Date-Added = {2008-08-06 21:47:19 -0700},
	Date-Modified = {2008-10-27 15:51:43 -0700},
	Journal = {PNAS},
	Number = {18},
	Pages = {8750},
	Pmid = {9942992036322578364related:vI-LqZOa_IkJ},
	Rating = {5},
	Title = {Class-level relationships in the phylum {C}nidaria: evidence from mitochondrial genome structure},
	Uri = {papers://7745578F-AF22-43C6-9381-71DCABA46510/Paper/p4800},
	Volume = {89},
	Year = {1992},
	Bdsk-File-1 = {YnBsaXN0MDDUAQIDBAUGCQpYJHZlcnNpb25UJHRvcFkkYXJjaGl2ZXJYJG9iamVjdHMSAAGGoNE
HCFRyb290gAFfEA9OU0tleWVkQXJjaGl2ZXKoCwwXGBkdJCVVJG51bGzTDQ4PEBEUViRjbGFzc1
dOUy5rZXlzWk5TLm9iamVjdHOAB6ISE4ACgAOiFRaABIAGWWFsaWFzRGF0YVxyZWxhdGl2ZVBhd
GjSDRobHFdOUy5kYXRhgAVPEQHYAAAAAAHYAAIAAAxNYWNpbnRvc2ggSEQAAAAAAAAAAAAAAAAA
AADDYZv1SCsAAANtCIcUUE5BUyAxOTkyIEJyaWRnZS5wZGYAAAAAAAAAAAAAAAAAAAAAAAAAAAA
AAAAAAAAAAAAAAAAAAAAAAAAAAAAAA2y/lMS/ySwAAAAAAAAAAAACAAUAAAkgAAAAAAAAAAAAAA
AAAAAABkJyaWRnZQAQAAgAAMNiDHUAAAARAAgAAMTAK5wAAAABABgDbQiHAAwFCwAMA04AC9/aA
AvfhQAAeWsAAgBWTWFjaW50b3NoIEhEOlVzZXJzOmRlbm5pc2V2YW5nZWxpc3RhOkRvY3VtZW50
czpQYXBlcnM6MTk5MjpCcmlkZ2U6UE5BUyAxOTkyIEJyaWRnZS5wZGYADgAqABQAUABOAEEAUwA
gADEAOQA5ADIAIABCAHIAaQBkAGcAZQAuAHAAZABmAA8AGgAMAE0AYQBjAGkAbgB0AG8AcwBoAC
AASABEABIASVVzZXJzL2Rlbm5pc2V2YW5nZWxpc3RhL0RvY3VtZW50cy9QYXBlcnMvMTk5Mi9Cc
mlkZ2UvUE5BUyAxOTkyIEJyaWRnZS5wZGYAABMAAS8AABUAAgAY//8AANIeHyAhWCRjbGFzc2Vz
WiRjbGFzc25hbWWjISIjXU5TTXV0YWJsZURhdGFWTlNEYXRhWE5TT2JqZWN0XxA3Li4vLi4vRG9
jdW1lbnRzL1BhcGVycy8xOTkyL0JyaWRnZS9QTkFTIDE5OTIgQnJpZGdlLnBkZtIeHyYnoicjXE
5TRGljdGlvbmFyeQAIABEAGgAfACkAMgA3ADoAPwBBAFMAXABiAGkAcAB4AIMAhQCIAIoAjACPA
JEAkwCdAKoArwC3ALkClQKaAqMCrgKyAsACxwLQAwoDDwMSAAAAAAAAAgEAAAAAAAAAKAAAAAAA
AAAAAAAAAAAAAx8=}}

@article{Childress:2004,
	Author = {Childress, Stephen and Dudley, Robert A.},
	Date-Added = {2007-07-07 11:15:16 -0700},
	Date-Modified = {2008-10-27 15:52:35 -0700},
	Journal = {J. Fluid Mech.},
	Month = {May},
	Pages = {257--288},
	Rating = {1},
	Read = {Yes},
	Title = {Transition from ciliary to flapping mode in a swimming mollusc: flapping flight as a bifurcation in {$Re_\omega$}},
	Uri = {papers://7745578F-AF22-43C6-9381-71DCABA46510/Paper/p1106},
	Volume = {498},
	Year = {2004},
	Bdsk-File-1 = {YnBsaXN0MDDUAQIDBAUGCQpYJHZlcnNpb25UJHRvcFkkYXJjaGl2ZXJYJG9iamVjdHMSAAGGoNE
HCFRyb290gAFfEA9OU0tleWVkQXJjaGl2ZXKoCwwXGBkdJCVVJG51bGzTDQ4PEBEUViRjbGFzc1
dOUy5rZXlzWk5TLm9iamVjdHOAB6ISE4ACgAOiFRaABIAGWWFsaWFzRGF0YVxyZWxhdGl2ZVBhd
GjSDRobHFdOUy5kYXRhgAVPEQIUAAAAAAIUAAIAAAxNYWNpbnRvc2ggSEQAAAAAAAAAAAAAAAAA
AADDYZv1SCsAAAAMCVMfSi4gRmx1aWQgTWVjaC4gMjAwNCBDI0MwOTU0LnBkZgAAAAAAAAAAAAA
AAAAAAAAAAAAAAAAAAAAAAAAAAAAAAAwJVL6mUpYAAAAAAAAAAAACAAUAAAkgAAAAAAAAAAAAAA
AAAAAACUNoaWxkcmVzcwAAEAAIAADDYgx1AAAAEQAIAAC+prUGAAAAAQAYAAwJUwAMCT8ADANOA
Avf2gAL34UAAHlrAAIAZE1hY2ludG9zaCBIRDpVc2VyczpkZW5uaXNldmFuZ2VsaXN0YTpEb2N1
bWVudHM6UGFwZXJzOjIwMDQ6Q2hpbGRyZXNzOkouIEZsdWlkIE1lY2guIDIwMDQgQyNDMDk1NC5
wZGYADgBEACEASgAuACAARgBsAHUAaQBkACAATQBlAGMAaAAuACAAMgAwADAANAAgAEMAaABpAG
wAZAByAGUAcwBzAC4AcABkAGYADwAaAAwATQBhAGMAaQBuAHQAbwBzAGgAIABIAEQAEgBZVXNlc
nMvZGVubmlzZXZhbmdlbGlzdGEvRG9jdW1lbnRzL1BhcGVycy8yMDA0L0NoaWxkcmVzcy9KLiBG
bHVpZCBNZWNoLiAyMDA0IENoaWxkcmVzcy5wZGYAABMAAS8AABUAAgAY//8AANIeHyAhWCRjbGF
zc2VzWiRjbGFzc25hbWWjISIjXU5TTXV0YWJsZURhdGFWTlNEYXRhWE5TT2JqZWN0XxBHLi4vLi
4vRG9jdW1lbnRzL1BhcGVycy8yMDA0L0NoaWxkcmVzcy9KLiBGbHVpZCBNZWNoLiAyMDA0IENoa
WxkcmVzcy5wZGbSHh8mJ6InI1xOU0RpY3Rpb25hcnkACAARABoAHwApADIANwA6AD8AQQBTAFwA
YgBpAHAAeACDAIUAiACKAIwAjwCRAJMAnQCqAK8AtwC5AtEC1gLfAuoC7gL8AwMDDANWA1sDXgA
AAAAAAAIBAAAAAAAAACgAAAAAAAAAAAAAAAAAAANr},
	Bdsk-Url-1 = {http://dx.doi.org/10.1017/S002211200300689X}}

@article{Lawn:1982,
	Abstract = {The Indo-Pacific sea anemone, Boloceroides mcmurrichi, swims by coordinated lashing of tentacles and can cast off tentacles by autotomy. A predator of Boloceroides, the aeolid Berghia major, causes the anemone to detach its pedal disc and swim away after brief contact with the tentacles, a response apparently due to a chemical substance in the aeolid. Berghia generally attacks the anemone by making a lunge into the midst of the tentacles. Any tentacles seized by the aeolid autotomize, so that the anemone is not held by the aeolid when it begins to swim. Thus these two adaptations, swimming and autotomy, while not preventing predation, keep it to levels easily countered by regeneration. In electrophysiological studies on Boloceroides, the pulses assocated with the conduction systems in other anemones (NN, SS1 and SS2) were not detected. The following identifiable pulses were consistently recorded: (i) tentacle burst pulses (TBP) from isolated and intact tentacles correlated with tentacle flexions; (ii) flexion trigger pulses (FTP) recorded from oral disc and intact tentacles correlated with coordinated tentacle flexions; (iii) swimming trigger pulses (STP) recorded from the pedal disc, preceding bouts of swimming in response to the aeolid, B. major, and to mechanical and electrical stimuli; (iv) swimming arrest pulses (SAP) recorded from the pedal disc and appearing towards the end of bouts of swimming and followed almost at once by their cessation; (v) through-conduction pulses (TCP) recorded from the oral disc as a result of electrical stimuli on the column. The contrast between these pulses and those in other sea anemones probably reflects differences in the structure and mode of life of the anemone in question. A high degree of local autonomy of conduction systems is indicated. The pulses so far detected in Boloceroides reflect the behavioural capacities and the special adaptations of this atypical anemone, but pulses associated with overall coordination remain to be discovered.},
	Author = {I D Lawn and D Ross},
	Date-Added = {2008-07-27 20:27:55 -0700},
	Date-Modified = {2008-10-15 11:42:22 -0700},
	Journal = {Proceedings of the Royal Society of London. Series B:  Biological Sciences},
	Language = {eng},
	Month = {Oct},
	Pages = {315--334},
	Pmid = {35770},
	Rating = {0},
	Title = {The behavioural physiology of the swimming sea anemone \emph{{B}oloceroides mcmurrichi}},
	Uri = {papers://7745578F-AF22-43C6-9381-71DCABA46510/Paper/p4773},
	Year = {1982},
	Bdsk-File-1 = {YnBsaXN0MDDUAQIDBAUGCQpYJHZlcnNpb25UJHRvcFkkYXJjaGl2ZXJYJG9iamVjdHMSAAGGoNE
HCFRyb290gAFfEA9OU0tleWVkQXJjaGl2ZXKoCwwXGBkdJCVVJG51bGzTDQ4PEBEUViRjbGFzc1
dOUy5rZXlzWk5TLm9iamVjdHOAB6ISE4ACgAOiFRaABIAGWWFsaWFzRGF0YVxyZWxhdGl2ZVBhd
GjSDRobHFdOUy5kYXRhgAVPEQIKAAAAAAIKAAIAAAxNYWNpbnRvc2ggSEQAAAAAAAAAAAAAAAAA
AADDYZv1SCsAAANopSAfUHJvYyBSLiBTb2MuIExvbmQuICMzNjhBNTA1LnBkZgAAAAAAAAAAAAA
AAAAAAAAAAAAAAAAAAAAAAAAAAAAAA2ilBcSyiTEAAAAAAAAAAAACAAUAAAkgAAAAAAAAAAAAAA
AAAAAABExhd24AEAAIAADDYgx1AAAAEQAIAADEsuuhAAAAAQAYA2ilIAAMBHwADANOAAvf2gAL3
4UAAHlrAAIAX01hY2ludG9zaCBIRDpVc2VyczpkZW5uaXNldmFuZ2VsaXN0YTpEb2N1bWVudHM6
UGFwZXJzOjE5ODI6TGF3bjpQcm9jIFIuIFNvYy4gTG9uZC4gIzM2OEE1MDUucGRmAAAOAEgAIwB
QAHIAbwBjACAAUgAuACAAUwBvAGMALgAgAEwAbwBuAGQALgAgAEIALgAgADEAOQA4ADIAIABMAG
EAdwBuAC4AcABkAGYADwAaAAwATQBhAGMAaQBuAHQAbwBzAGgAIABIAEQAEgBWVXNlcnMvZGVub
mlzZXZhbmdlbGlzdGEvRG9jdW1lbnRzL1BhcGVycy8xOTgyL0xhd24vUHJvYyBSLiBTb2MuIExv
bmQuIEIuIDE5ODIgTGF3bi5wZGYAEwABLwAAFQACABj//wAA0h4fICFYJGNsYXNzZXNaJGNsYXN
zbmFtZaMhIiNdTlNNdXRhYmxlRGF0YVZOU0RhdGFYTlNPYmplY3RfEEQuLi8uLi9Eb2N1bWVudH
MvUGFwZXJzLzE5ODIvTGF3bi9Qcm9jIFIuIFNvYy4gTG9uZC4gQi4gMTk4MiBMYXduLnBkZtIeH
yYnoicjXE5TRGljdGlvbmFyeQAIABEAGgAfACkAMgA3ADoAPwBBAFMAXABiAGkAcAB4AIMAhQCI
AIoAjACPAJEAkwCdAKoArwC3ALkCxwLMAtUC4ALkAvIC+QMCA0kDTgNRAAAAAAAAAgEAAAAAAAA
AKAAAAAAAAAAAAAAAAAAAA14=},
	Bdsk-Url-1 = {http://www.jstor.org/stable/35770}}

@article{Elliot:1989,
	Author = {J K Elliot and D M Ross and C Pathirana and S Miao and R J Andersen and P Singer and W C M C Kokke and W A Ayer},
	Date-Added = {2008-07-24 07:16:53 -0700},
	Date-Modified = {2008-10-15 11:40:26 -0700},
	Journal = {The Biological Bulletin},
	Number = {2},
	Pages = {73},
	Pmid = {5011325512340253821related:fazkmADOi0UJ},
	Rating = {3},
	Title = {Induction of swimming in \emph{{S}tomphia} ({A}nthozoa: {A}ctiniaria) by imbricatine, a metabolite of the asteroid \emph{{D}ermasterias imbricata}},
	Uri = {papers://7745578F-AF22-43C6-9381-71DCABA46510/Paper/p4742},
	Volume = {176},
	Year = {1989},
	Bdsk-File-1 = {YnBsaXN0MDDUAQIDBAUGCQpYJHZlcnNpb25UJHRvcFkkYXJjaGl2ZXJYJG9iamVjdHMSAAGGoNE
HCFRyb290gAFfEA9OU0tleWVkQXJjaGl2ZXKoCwwXGBkdJCVVJG51bGzTDQ4PEBEUViRjbGFzc1
dOUy5rZXlzWk5TLm9iamVjdHOAB6ISE4ACgAOiFRaABIAGWWFsaWFzRGF0YVxyZWxhdGl2ZVBhd
GjSDRobHFdOUy5kYXRhgAVPEQH0AAAAAAH0AAIAAAxNYWNpbnRvc2ggSEQAAAAAAAAAAAAAAAAA
AADDYZv1SCsAAANvBDAbQmlvbC4gQnVsbC4gMTk4OSBFbGxpb3QucGRmAAAAAAAAAAAAAAAAAAA
AAAAAAAAAAAAAAAAAAAAAAAAAAAAAA2dlaMStHDIAAAAAAAAAAAACAAUAAAkgAAAAAAAAAAAAAA
AAAAAABkVsbGlvdAAQAAgAAMNiDHUAAAARAAgAAMStfqIAAAABABgDbwQwAAwE3AAMA04AC9/aA
AvfhQAAeWsAAgBdTWFjaW50b3NoIEhEOlVzZXJzOmRlbm5pc2V2YW5nZWxpc3RhOkRvY3VtZW50
czpQYXBlcnM6MTk4OTpFbGxpb3Q6QmlvbC4gQnVsbC4gMTk4OSBFbGxpb3QucGRmAAAOADgAGwB
CAGkAbwBsAC4AIABCAHUAbABsAC4AIAAxADkAOAA5ACAARQBsAGwAaQBvAHQALgBwAGQAZgAPAB
oADABNAGEAYwBpAG4AdABvAHMAaAAgAEgARAASAFBVc2Vycy9kZW5uaXNldmFuZ2VsaXN0YS9Eb
2N1bWVudHMvUGFwZXJzLzE5ODkvRWxsaW90L0Jpb2wuIEJ1bGwuIDE5ODkgRWxsaW90LnBkZgAT
AAEvAAAVAAIAGP//AADSHh8gIVgkY2xhc3Nlc1okY2xhc3NuYW1loyEiI11OU011dGFibGVEYXR
hVk5TRGF0YVhOU09iamVjdF8QPi4uLy4uL0RvY3VtZW50cy9QYXBlcnMvMTk4OS9FbGxpb3QvQm
lvbC4gQnVsbC4gMTk4OSBFbGxpb3QucGRm0h4fJieiJyNcTlNEaWN0aW9uYXJ5AAgAEQAaAB8AK
QAyADcAOgA/AEEAUwBcAGIAaQBwAHgAgwCFAIgAigCMAI8AkQCTAJ0AqgCvALcAuQKxArYCvwLK
As4C3ALjAuwDLQMyAzUAAAAAAAACAQAAAAAAAAAoAAAAAAAAAAAAAAAAAAADQg==}}

@article{Gray:1955,
	Author = {J Gray and G J Hancock},
	Date-Added = {2008-08-13 12:22:29 -0700},
	Date-Modified = {2008-10-15 11:20:07 -0700},
	Journal = {J Exp Biol},
	Number = {4},
	Pages = {802--814},
	Pmid = {15344697870132023883related:S5LpxmlR89QJ},
	Rating = {0},
	Title = {The propulsion of sea urchin spermatozoa},
	Uri = {papers://7745578F-AF22-43C6-9381-71DCABA46510/Paper/p4818},
	Volume = {32},
	Year = {1955},
	Bdsk-File-1 = {YnBsaXN0MDDUAQIDBAUGCQpYJHZlcnNpb25UJHRvcFkkYXJjaGl2ZXJYJG9iamVjdHMSAAGGoNE
HCFRyb290gAFfEA9OU0tleWVkQXJjaGl2ZXKoCwwXGBkdJCVVJG51bGzTDQ4PEBEUViRjbGFzc1
dOUy5rZXlzWk5TLm9iamVjdHOAB6ISE4ACgAOiFRaABIAGWWFsaWFzRGF0YVxyZWxhdGl2ZVBhd
GjSDRobHFdOUy5kYXRhgAVPEQHqAAAAAAHqAAIAAAxNYWNpbnRvc2ggSEQAAAAAAAAAAAAAAAAA
AADDYZv1SCsAAAAMA7UaSiBFeHAgQmlvbCAxOTU1IEdyYXktMS5wZGYAAAAAAAAAAAAAAAAAAAA
AAAAAAAAAAAAAAAAAAAAAAAAAAAAAA2/268TIgjEAAAAAAAAAAAACAAUAAAkgAAAAAAAAAAAAAA
AAAAAABEdyYXkAEAAIAADDYgx1AAAAEQAIAADEyOShAAAAAQAYAAwDtQAMA7AADANOAAvf2gAL3
4UAAHlrAAIAWk1hY2ludG9zaCBIRDpVc2VyczpkZW5uaXNldmFuZ2VsaXN0YTpEb2N1bWVudHM6
UGFwZXJzOjE5NTU6R3JheTpKIEV4cCBCaW9sIDE5NTUgR3JheS0xLnBkZgAOADYAGgBKACAARQB
4AHAAIABCAGkAbwBsACAAMQA5ADUANQAgAEcAcgBhAHkALQAxAC4AcABkAGYADwAaAAwATQBhAG
MAaQBuAHQAbwBzAGgAIABIAEQAEgBNVXNlcnMvZGVubmlzZXZhbmdlbGlzdGEvRG9jdW1lbnRzL
1BhcGVycy8xOTU1L0dyYXkvSiBFeHAgQmlvbCAxOTU1IEdyYXktMS5wZGYAABMAAS8AABUAAgAY
//8AANIeHyAhWCRjbGFzc2VzWiRjbGFzc25hbWWjISIjXU5TTXV0YWJsZURhdGFWTlNEYXRhWE5
TT2JqZWN0XxA7Li4vLi4vRG9jdW1lbnRzL1BhcGVycy8xOTU1L0dyYXkvSiBFeHAgQmlvbCAxOT
U1IEdyYXktMS5wZGbSHh8mJ6InI1xOU0RpY3Rpb25hcnkACAARABoAHwApADIANwA6AD8AQQBTA
FwAYgBpAHAAeACDAIUAiACKAIwAjwCRAJMAnQCqAK8AtwC5AqcCrAK1AsACxALSAtkC4gMgAyUD
KAAAAAAAAAIBAAAAAAAAACgAAAAAAAAAAAAAAAAAAAM1}}

@article{Robson:1961a,
	Author = {Elaine A Robson},
	Date-Added = {2008-07-21 21:05:54 -0700},
	Date-Modified = {2008-10-15 11:43:33 -0700},
	Journal = {J Exp Biol},
	Month = {Sep},
	Pages = {343--363},
	Rating = {5},
	Title = {Some observations on the swimming behaviour of the anemone \emph{{S}tomphia coccinea}},
	Uri = {papers://7745578F-AF22-43C6-9381-71DCABA46510/Paper/p4710},
	Volume = {38},
	Year = {1961},
	Bdsk-File-1 = {YnBsaXN0MDDUAQIDBAUGCQpYJHZlcnNpb25UJHRvcFkkYXJjaGl2ZXJYJG9iamVjdHMSAAGGoNE
HCFRyb290gAFfEA9OU0tleWVkQXJjaGl2ZXKoCwwXGBkdJCVVJG51bGzTDQ4PEBEUViRjbGFzc1
dOUy5rZXlzWk5TLm9iamVjdHOAB6ISE4ACgAOiFRaABIAGWWFsaWFzRGF0YVxyZWxhdGl2ZVBhd
GjSDRobHFdOUy5kYXRhgAVPEQH4AAAAAAH4AAIAAAxNYWNpbnRvc2ggSEQAAAAAAAAAAAAAAAAA
AADDYZv1SCsAAANnZnEcSiBFeHAgQmlvbCAxOTYxIFJvYnNvbi0xLnBkZgAAAAAAAAAAAAAAAAA
AAAAAAAAAAAAAAAAAAAAAAAAAAAAAA2W+CcSqpIQAAAAAAAAAAAACAAUAAAkgAAAAAAAAAAAAAA
AAAAAABlJvYnNvbgAQAAgAAMNiDHUAAAARAAgAAMSrBvQAAAABABgDZ2ZxAu78MgAMA04AC9/aA
AvfhQAAeWsAAgBeTWFjaW50b3NoIEhEOlVzZXJzOmRlbm5pc2V2YW5nZWxpc3RhOkRvY3VtZW50
czpQYXBlcnM6MTk2MTpSb2Jzb246SiBFeHAgQmlvbCAxOTYxIFJvYnNvbi0xLnBkZgAOADoAHAB
KACAARQB4AHAAIABCAGkAbwBsACAAMQA5ADYAMQAgAFIAbwBiAHMAbwBuAC0AMQAuAHAAZABmAA
8AGgAMAE0AYQBjAGkAbgB0AG8AcwBoACAASABEABIAUVVzZXJzL2Rlbm5pc2V2YW5nZWxpc3RhL
0RvY3VtZW50cy9QYXBlcnMvMTk2MS9Sb2Jzb24vSiBFeHAgQmlvbCAxOTYxIFJvYnNvbi0xLnBk
ZgAAEwABLwAAFQACABj//wAA0h4fICFYJGNsYXNzZXNaJGNsYXNzbmFtZaMhIiNdTlNNdXRhYmx
lRGF0YVZOU0RhdGFYTlNPYmplY3RfED8uLi8uLi9Eb2N1bWVudHMvUGFwZXJzLzE5NjEvUm9ic2
9uL0ogRXhwIEJpb2wgMTk2MSBSb2Jzb24tMS5wZGbSHh8mJ6InI1xOU0RpY3Rpb25hcnkACAARA
BoAHwApADIANwA6AD8AQQBTAFwAYgBpAHAAeACDAIUAiACKAIwAjwCRAJMAnQCqAK8AtwC5ArUC
ugLDAs4C0gLgAucC8AMyAzcDOgAAAAAAAAIBAAAAAAAAACgAAAAAAAAAAAAAAAAAAANH}}

@article{Sund:1958,
	Author = {Paul N Sund},
	Date-Added = {2008-07-21 21:05:57 -0700},
	Date-Modified = {2008-10-15 11:44:46 -0700},
	Journal = {Journal of Cell Science},
	Number = {47},
	Pages = {401},
	Pmid = {16754551757857700964related:ZDwB6g0ghOgJ},
	Rating = {5},
	Title = {A study of the mucular anatomy and swimming behaviour of the sea anemone, \emph{{S}tomphia coccinea}},
	Uri = {papers://7745578F-AF22-43C6-9381-71DCABA46510/Paper/p4723},
	Volume = {3},
	Year = {1958},
	Bdsk-File-1 = {YnBsaXN0MDDUAQIDBAUGCQpYJHZlcnNpb25UJHRvcFkkYXJjaGl2ZXJYJG9iamVjdHMSAAGGoNE
HCFRyb290gAFfEA9OU0tleWVkQXJjaGl2ZXKoCwwXGBkdJCVVJG51bGzTDQ4PEBEUViRjbGFzc1
dOUy5rZXlzWk5TLm9iamVjdHOAB6ISE4ACgAOiFRaABIAGWWFsaWFzRGF0YVxyZWxhdGl2ZVBhd
GjSDRobHFdOUy5kYXRhgAVPEQIQAAAAAAIQAAIAAAxNYWNpbnRvc2ggSEQAAAAAAAAAAAAAAAAA
AADDYZv1SCsAAANnZoAfSm91cm5hbCBvZiBDZWxsIFNjaSMzNjVCRTE4LnBkZgAAAAAAAAAAAAA
AAAAAAAAAAAAAAAAAAAAAAAAAAAAAA2W+GMSqpfQAAAAAAAAAAAACAAUAAAkgAAAAAAAAAAAAAA
AAAAAABFNVTkQAEAAIAADDYgx1AAAAEQAIAADEqwhkAAAAAQAYA2dmgAAMA70ADANOAAvf2gAL3
4UAAHlrAAIAX01hY2ludG9zaCBIRDpVc2VyczpkZW5uaXNldmFuZ2VsaXN0YTpEb2N1bWVudHM6
UGFwZXJzOjE5NTg6U1VORDpKb3VybmFsIG9mIENlbGwgU2NpIzM2NUJFMTgucGRmAAAOAEwAJQB
KAG8AdQByAG4AYQBsACAAbwBmACAAQwBlAGwAbAAgAFMAYwBpAGUAbgBjAGUAIAAxADkANQA4AC
AAUwB1AG4AZAAuAHAAZABmAA8AGgAMAE0AYQBjAGkAbgB0AG8AcwBoACAASABEABIAWFVzZXJzL
2Rlbm5pc2V2YW5nZWxpc3RhL0RvY3VtZW50cy9QYXBlcnMvMTk1OC9TVU5EL0pvdXJuYWwgb2Yg
Q2VsbCBTY2llbmNlIDE5NTggU3VuZC5wZGYAEwABLwAAFQACABj//wAA0h4fICFYJGNsYXNzZXN
aJGNsYXNzbmFtZaMhIiNdTlNNdXRhYmxlRGF0YVZOU0RhdGFYTlNPYmplY3RfEEYuLi8uLi9Eb2
N1bWVudHMvUGFwZXJzLzE5NTgvU1VORC9Kb3VybmFsIG9mIENlbGwgU2NpZW5jZSAxOTU4IFN1b
mQucGRm0h4fJieiJyNcTlNEaWN0aW9uYXJ5AAgAEQAaAB8AKQAyADcAOgA/AEEAUwBcAGIAaQBw
AHgAgwCFAIgAigCMAI8AkQCTAJ0AqgCvALcAuQLNAtIC2wLmAuoC+AL/AwgDUQNWA1kAAAAAAAA
CAQAAAAAAAAAoAAAAAAAAAAAAAAAAAAADZg==}}

@article{Lawn:1980,
	Author = {I D Lawn},
	Date-Added = {2008-07-27 20:27:55 -0700},
	Date-Modified = {2008-10-15 11:42:13 -0700},
	Journal = {J Exp Biol},
	Number = {1},
	Pages = {45--52},
	Pmid = {17065974042799882842related:WsIf9_iE1uwJ},
	Rating = {3},
	Title = {A transmesogloeal conduction system in the swimming sea anemone \emph{{S}tomphia}},
	Uri = {papers://7745578F-AF22-43C6-9381-71DCABA46510/Paper/p4774},
	Volume = {87},
	Year = {1980},
	Bdsk-File-1 = {YnBsaXN0MDDUAQIDBAUGCQpYJHZlcnNpb25UJHRvcFkkYXJjaGl2ZXJYJG9iamVjdHMSAAGGoNE
HCFRyb290gAFfEA9OU0tleWVkQXJjaGl2ZXKoCwwXGBkdJCVVJG51bGzTDQ4PEBEUViRjbGFzc1
dOUy5rZXlzWk5TLm9iamVjdHOAB6ISE4ACgAOiFRaABIAGWWFsaWFzRGF0YVxyZWxhdGl2ZVBhd
GjSDRobHFdOUy5kYXRhgAVPEQHiAAAAAAHiAAIAAAxNYWNpbnRvc2ggSEQAAAAAAAAAAAAAAAAA
AADDYZv1SCsAAANopVoYSiBFeHAgQmlvbCAxOTgwIExhd24ucGRmAAAAAAAAAAAAAAAAAAAAAAA
AAAAAAAAAAAAAAAAAAAAAAAAAAAAAA2ilBMSyiB8AAAAAAAAAAAACAAUAAAkgAAAAAAAAAAAAAA
AAAAAABExhd24AEAAIAADDYgx1AAAAEQAIAADEsuqPAAAAAQAYA2ilWgAMBGMADANOAAvf2gAL3
4UAAHlrAAIAWE1hY2ludG9zaCBIRDpVc2VyczpkZW5uaXNldmFuZ2VsaXN0YTpEb2N1bWVudHM6
UGFwZXJzOjE5ODA6TGF3bjpKIEV4cCBCaW9sIDE5ODAgTGF3bi5wZGYADgAyABgASgAgAEUAeAB
wACAAQgBpAG8AbAAgADEAOQA4ADAAIABMAGEAdwBuAC4AcABkAGYADwAaAAwATQBhAGMAaQBuAH
QAbwBzAGgAIABIAEQAEgBLVXNlcnMvZGVubmlzZXZhbmdlbGlzdGEvRG9jdW1lbnRzL1BhcGVyc
y8xOTgwL0xhd24vSiBFeHAgQmlvbCAxOTgwIExhd24ucGRmAAATAAEvAAAVAAIAGP//AADSHh8g
IVgkY2xhc3Nlc1okY2xhc3NuYW1loyEiI11OU011dGFibGVEYXRhVk5TRGF0YVhOU09iamVjdF8
QOS4uLy4uL0RvY3VtZW50cy9QYXBlcnMvMTk4MC9MYXduL0ogRXhwIEJpb2wgMTk4MCBMYXduLn
BkZtIeHyYnoicjXE5TRGljdGlvbmFyeQAIABEAGgAfACkAMgA3ADoAPwBBAFMAXABiAGkAcAB4A
IMAhQCIAIoAjACPAJEAkwCdAKoArwC3ALkCnwKkAq0CuAK8AsoC0QLaAxYDGwMeAAAAAAAAAgEA
AAAAAAAAKAAAAAAAAAAAAAAAAAAAAys=}}

@article{Dawson:2004,
	Author = {Dawson, M. N.},
	Date-Added = {2008-08-06 21:47:23 -0700},
	Date-Modified = {2008-10-27 15:53:30 -0700},
	Journal = {Hydrobiologia},
	Month = {Dec},
	Pages = {249--260},
	Rating = {5},
	Title = {Some implications of molecular phylogenetics for understanding biodiversity in jellyfishes, with emphasis on {S}cyphozoa},
	Uri = {papers://7745578F-AF22-43C6-9381-71DCABA46510/Paper/p4794},
	Volume = {530/531},
	Year = {2004},
	Bdsk-File-1 = {YnBsaXN0MDDUAQIDBAUGCQpYJHZlcnNpb25UJHRvcFkkYXJjaGl2ZXJYJG9iamVjdHMSAAGGoNE
HCFRyb290gAFfEA9OU0tleWVkQXJjaGl2ZXKoCwwXGBkdJCVVJG51bGzTDQ4PEBEUViRjbGFzc1
dOUy5rZXlzWk5TLm9iamVjdHOAB6ISE4ACgAOiFRaABIAGWWFsaWFzRGF0YVxyZWxhdGl2ZVBhd
GjSDRobHFdOUy5kYXRhgAVPEQH8AAAAAAH8AAIAAAxNYWNpbnRvc2ggSEQAAAAAAAAAAAAAAAAA
AADDYZv1SCsAAANtCModSHlkcm9iaW9sb2dpYSAyMDA0IERhd3Nvbi5wZGYAAAAAAAAAAAAAAAA
AAAAAAAAAAAAAAAAAAAAAAAAAAAAAA2y/l8S/yVgAAAAAAAAAAAACAAUAAAkgAAAAAAAAAAAAAA
AAAAAABkRhd3NvbgAQAAgAAMNiDHUAAAARAAgAAMTAK8gAAAABABgDbQjKAAwJPwAMA04AC9/aA
AvfhQAAeWsAAgBfTWFjaW50b3NoIEhEOlVzZXJzOmRlbm5pc2V2YW5nZWxpc3RhOkRvY3VtZW50
czpQYXBlcnM6MjAwNDpEYXdzb246SHlkcm9iaW9sb2dpYSAyMDA0IERhd3Nvbi5wZGYAAA4APAA
dAEgAeQBkAHIAbwBiAGkAbwBsAG8AZwBpAGEAIAAyADAAMAA0ACAARABhAHcAcwBvAG4ALgBwAG
QAZgAPABoADABNAGEAYwBpAG4AdABvAHMAaAAgAEgARAASAFJVc2Vycy9kZW5uaXNldmFuZ2Vsa
XN0YS9Eb2N1bWVudHMvUGFwZXJzLzIwMDQvRGF3c29uL0h5ZHJvYmlvbG9naWEgMjAwNCBEYXdz
b24ucGRmABMAAS8AABUAAgAY//8AANIeHyAhWCRjbGFzc2VzWiRjbGFzc25hbWWjISIjXU5TTXV
0YWJsZURhdGFWTlNEYXRhWE5TT2JqZWN0XxBALi4vLi4vRG9jdW1lbnRzL1BhcGVycy8yMDA0L0
Rhd3Nvbi9IeWRyb2Jpb2xvZ2lhIDIwMDQgRGF3c29uLnBkZtIeHyYnoicjXE5TRGljdGlvbmFye
QAIABEAGgAfACkAMgA3ADoAPwBBAFMAXABiAGkAcAB4AIMAhQCIAIoAjACPAJEAkwCdAKoArwC3
ALkCuQK+AscC0gLWAuQC6wL0AzcDPAM/AAAAAAAAAgEAAAAAAAAAKAAAAAAAAAAAAAAAAAAAA0w
=}}

@article{Robson:1961,
	Author = {Elaine A Robson},
	Date-Added = {2008-07-21 21:05:49 -0700},
	Date-Modified = {2008-10-15 11:43:25 -0700},
	Journal = {J Exp Biol},
	Number = {3},
	Pages = {685--694},
	Pmid = {783304493463840405related:lSbhY0nb3goJ},
	Rating = {4},
	Title = {The swimming response and its pacemaker system in the anemone \emph{{S}tomphia coccinea}},
	Uri = {papers://7745578F-AF22-43C6-9381-71DCABA46510/Paper/p4705},
	Volume = {38},
	Year = {1961},
	Bdsk-File-1 = {YnBsaXN0MDDUAQIDBAUGCQpYJHZlcnNpb25UJHRvcFkkYXJjaGl2ZXJYJG9iamVjdHMSAAGGoNE
HCFRyb290gAFfEA9OU0tleWVkQXJjaGl2ZXKoCwwXGBkdJCVVJG51bGzTDQ4PEBEUViRjbGFzc1
dOUy5rZXlzWk5TLm9iamVjdHOAB6ISE4ACgAOiFRaABIAGWWFsaWFzRGF0YVxyZWxhdGl2ZVBhd
GjSDRobHFdOUy5kYXRhgAVPEQHwAAAAAAHwAAIAAAxNYWNpbnRvc2ggSEQAAAAAAAAAAAAAAAAA
AADDYZv1SCsAAANnZnEaSiBFeHAgQmlvbCAxOTYxIFJvYnNvbi5wZGYAAAAAAAAAAAAAAAAAAAA
AAAAAAAAAAAAAAAAAAAAAAAAAAAAAA2W+AMSqpDcAAAAAAAAAAAACAAUAAAkgAAAAAAAAAAAAAA
AAAAAABlJvYnNvbgAQAAgAAMNiDHUAAAARAAgAAMSrBqcAAAABABgDZ2ZxAu78MgAMA04AC9/aA
AvfhQAAeWsAAgBcTWFjaW50b3NoIEhEOlVzZXJzOmRlbm5pc2V2YW5nZWxpc3RhOkRvY3VtZW50
czpQYXBlcnM6MTk2MTpSb2Jzb246SiBFeHAgQmlvbCAxOTYxIFJvYnNvbi5wZGYADgA2ABoASgA
gAEUAeABwACAAQgBpAG8AbAAgADEAOQA2ADEAIABSAG8AYgBzAG8AbgAuAHAAZABmAA8AGgAMAE
0AYQBjAGkAbgB0AG8AcwBoACAASABEABIAT1VzZXJzL2Rlbm5pc2V2YW5nZWxpc3RhL0RvY3VtZ
W50cy9QYXBlcnMvMTk2MS9Sb2Jzb24vSiBFeHAgQmlvbCAxOTYxIFJvYnNvbi5wZGYAABMAAS8A
ABUAAgAY//8AANIeHyAhWCRjbGFzc2VzWiRjbGFzc25hbWWjISIjXU5TTXV0YWJsZURhdGFWTlN
EYXRhWE5TT2JqZWN0XxA9Li4vLi4vRG9jdW1lbnRzL1BhcGVycy8xOTYxL1JvYnNvbi9KIEV4cC
BCaW9sIDE5NjEgUm9ic29uLnBkZtIeHyYnoicjXE5TRGljdGlvbmFyeQAIABEAGgAfACkAMgA3A
DoAPwBBAFMAXABiAGkAcAB4AIMAhQCIAIoAjACPAJEAkwCdAKoArwC3ALkCrQKyArsCxgLKAtgC
3wLoAygDLQMwAAAAAAAAAgEAAAAAAAAAKAAAAAAAAAAAAAAAAAAAAz0=}}

@article{Robson:1963,
	Author = {Elaine A Robson},
	Date-Added = {2008-07-24 07:16:52 -0700},
	Date-Modified = {2008-10-15 11:43:40 -0700},
	Journal = {Quart. J. micr. Sci.},
	Month = {May},
	Number = {4},
	Pages = {535--549},
	Rating = {4},
	Title = {The nerve-net of a swimming anemone, \emph{{S}tomphia coccinea}},
	Uri = {papers://7745578F-AF22-43C6-9381-71DCABA46510/Paper/p4749},
	Volume = {104},
	Year = {1963},
	Bdsk-File-1 = {YnBsaXN0MDDUAQIDBAUGCQpYJHZlcnNpb25UJHRvcFkkYXJjaGl2ZXJYJG9iamVjdHMSAAGGoNE
HCFRyb290gAFfEA9OU0tleWVkQXJjaGl2ZXKoCwwXGBkdJCVVJG51bGzTDQ4PEBEUViRjbGFzc1
dOUy5rZXlzWk5TLm9iamVjdHOAB6ISE4ACgAOiFRaABIAGWWFsaWFzRGF0YVxyZWxhdGl2ZVBhd
GjSDRobHFdOUy5kYXRhgAVPEQIUAAAAAAIUAAIAAAxNYWNpbnRvc2ggSEQAAAAAAAAAAAAAAAAA
AADDYZv1SCsAAANnZqUfUXVhcnQuIEouIG1pY3IuIFNjaSMzNjc2NTVGLnBkZgAAAAAAAAAAAAA
AAAAAAAAAAAAAAAAAAAAAAAAAAAAAA2dlX8StHGMAAAAAAAAAAAACAAUAAAkgAAAAAAAAAAAAAA
AAAAAABlJvYnNvbgAQAAgAAMNiDHUAAAARAAgAAMStftMAAAABABgDZ2alA2dmpAAMA04AC9/aA
AvfhQAAeWsAAgBhTWFjaW50b3NoIEhEOlVzZXJzOmRlbm5pc2V2YW5nZWxpc3RhOkRvY3VtZW50
czpQYXBlcnM6MTk2MzpSb2Jzb246UXVhcnQuIEouIG1pY3IuIFNjaSMzNjc2NTVGLnBkZgAADgB
KACQAUQB1AGEAcgB0AC4AIABKAC4AIABtAGkAYwByAC4AIABTAGMAaQAuACAAMQA5ADYAMwAgAF
IAbwBiAHMAbwBuAC4AcABkAGYADwAaAAwATQBhAGMAaQBuAHQAbwBzAGgAIABIAEQAEgBZVXNlc
nMvZGVubmlzZXZhbmdlbGlzdGEvRG9jdW1lbnRzL1BhcGVycy8xOTYzL1JvYnNvbi9RdWFydC4g
Si4gbWljci4gU2NpLiAxOTYzIFJvYnNvbi5wZGYAABMAAS8AABUAAgAY//8AANIeHyAhWCRjbGF
zc2VzWiRjbGFzc25hbWWjISIjXU5TTXV0YWJsZURhdGFWTlNEYXRhWE5TT2JqZWN0XxBHLi4vLi
4vRG9jdW1lbnRzL1BhcGVycy8xOTYzL1JvYnNvbi9RdWFydC4gSi4gbWljci4gU2NpLiAxOTYzI
FJvYnNvbi5wZGbSHh8mJ6InI1xOU0RpY3Rpb25hcnkACAARABoAHwApADIANwA6AD8AQQBTAFwA
YgBpAHAAeACDAIUAiACKAIwAjwCRAJMAnQCqAK8AtwC5AtEC1gLfAuoC7gL8AwMDDANWA1sDXgA
AAAAAAAIBAAAAAAAAACgAAAAAAAAAAAAAAAAAAANr}}

@article{Lorenz:2005,
	Author = {Ralph D Lorenz},
	Date-Added = {2008-07-30 20:26:14 -0700},
	Date-Modified = {2008-10-15 11:20:08 -0700},
	Journal = {Measurement Science and Technology},
	Month = {Feb},
	Number = {3},
	Pages = {738--748},
	Pii = {S0957-0233(05)83757-9},
	Rating = {3},
	Title = {Flight and attitude dynamics measurements of an instrumented Frisbee},
	Uri = {papers://7745578F-AF22-43C6-9381-71DCABA46510/Paper/p4783},
	Volume = {16},
	Year = {2005},
	Bdsk-File-1 = {YnBsaXN0MDDUAQIDBAUGCQpYJHZlcnNpb25UJHRvcFkkYXJjaGl2ZXJYJG9iamVjdHMSAAGGoNE
HCFRyb290gAFfEA9OU0tleWVkQXJjaGl2ZXKoCwwXGBkdJCVVJG51bGzTDQ4PEBEUViRjbGFzc1
dOUy5rZXlzWk5TLm9iamVjdHOAB6ISE4ACgAOiFRaABIAGWWFsaWFzRGF0YVxyZWxhdGl2ZVBhd
GjSDRobHFdOUy5kYXRhgAVPEQI+AAAAAAI+AAIAAAxNYWNpbnRvc2ggSEQAAAAAAAAAAAAAAAAA
AADDYZv1SCsAAANp5d4fTWVhc3VyZW1lbnQgU2NpZW5jZSMzNjlFNURGLnBkZgAAAAAAAAAAAAA
AAAAAAAAAAAAAAAAAAAAAAAAAAAAAA2nl38SzeNwAAAAAAAAAAAACAAUAAAkgAAAAAAAAAAAAAA
AAAAAABkxvcmVuegAQAAgAAMNiDHUAAAARAAgAAMSz20wAAAABABgDaeXeAAwKeAAMA04AC9/aA
AvfhQAAeWsAAgBhTWFjaW50b3NoIEhEOlVzZXJzOmRlbm5pc2V2YW5nZWxpc3RhOkRvY3VtZW50
czpQYXBlcnM6MjAwNTpMb3Jlbno6TWVhc3VyZW1lbnQgU2NpZW5jZSMzNjlFNURGLnBkZgAADgB
mADIATQBlAGEAcwB1AHIAZQBtAGUAbgB0ACAAUwBjAGkAZQBuAGMAZQAgAGEAbgBkACAAVABlAG
MAaABuAG8AbABvAGcAeQAgADIAMAAwADUAIABMAG8AcgBlAG4AegAuAHAAZABmAA8AGgAMAE0AY
QBjAGkAbgB0AG8AcwBoACAASABEABIAZ1VzZXJzL2Rlbm5pc2V2YW5nZWxpc3RhL0RvY3VtZW50
cy9QYXBlcnMvMjAwNS9Mb3JlbnovTWVhc3VyZW1lbnQgU2NpZW5jZSBhbmQgVGVjaG5vbG9neSA
yMDA1IExvcmVuei5wZGYAABMAAS8AABUAAgAY//8AANIeHyAhWCRjbGFzc2VzWiRjbGFzc25hbW
WjISIjXU5TTXV0YWJsZURhdGFWTlNEYXRhWE5TT2JqZWN0XxBVLi4vLi4vRG9jdW1lbnRzL1Bhc
GVycy8yMDA1L0xvcmVuei9NZWFzdXJlbWVudCBTY2llbmNlIGFuZCBUZWNobm9sb2d5IDIwMDUg
TG9yZW56LnBkZtIeHyYnoicjXE5TRGljdGlvbmFyeQAIABEAGgAfACkAMgA3ADoAPwBBAFMAXAB
iAGkAcAB4AIMAhQCIAIoAjACPAJEAkwCdAKoArwC3ALkC+wMAAwkDFAMYAyYDLQM2A44DkwOWAA
AAAAAAAgEAAAAAAAAAKAAAAAAAAAAAAAAAAAAAA6M=},
	Bdsk-Url-1 = {http://dx.doi.org/10.1088/0957-0233/16/3/017}}

@article{Taylor:2003,
	Author = {Graham K Taylor and Robert L Nudds and Adrian L. R Thomas},
	Date-Added = {2007-07-07 11:16:47 -0700},
	Date-Modified = {2008-10-15 11:44:54 -0700},
	Journal = {Nature},
	Month = {Oct},
	Number = {16 October 2003},
	Pages = {707},
	Rating = {4},
	Title = {Flying and swimming animals cruise at a {S}trouhal number tuned for high power efficiency},
	Uri = {papers://7745578F-AF22-43C6-9381-71DCABA46510/Paper/p1172},
	Volume = {425},
	Year = {2003},
	Bdsk-File-1 = {YnBsaXN0MDDUAQIDBAUGCQpYJHZlcnNpb25UJHRvcFkkYXJjaGl2ZXJYJG9iamVjdHMSAAGGoNE
HCFRyb290gAFfEA9OU0tleWVkQXJjaGl2ZXKoCwwXGBkdJCVVJG51bGzTDQ4PEBEUViRjbGFzc1
dOUy5rZXlzWk5TLm9iamVjdHOAB6ISE4ACgAOiFRaABIAGWWFsaWFzRGF0YVxyZWxhdGl2ZVBhd
GjSDRobHFdOUy5kYXRhgAVPEQHcAAAAAAHcAAIAAAxNYWNpbnRvc2ggSEQAAAAAAAAAAAAAAAAA
AADDYZv1SCsAAAAMCQ4VTmF0cmUgMjAwMyBUYXlsb3IucGRmAAAAAAAAAAAAAAAAAAAAAAAAAAA
AAAAAAAAAAAAAAAAAAAAAAAAAAAAAAAwJD7+UzWYAAAAAAAAAAAACAAUAAAkgAAAAAAAAAAAAAA
AAAAAABlRheWxvcgAQAAgAAMNiDHUAAAARAAgAAL+VPeYAAAABABgADAkOAAwIXQAMA04AC9/aA
AvfhQAAeWsAAgBXTWFjaW50b3NoIEhEOlVzZXJzOmRlbm5pc2V2YW5nZWxpc3RhOkRvY3VtZW50
czpQYXBlcnM6MjAwMzpUYXlsb3I6TmF0cmUgMjAwMyBUYXlsb3IucGRmAAAOACwAFQBOAGEAdAB
yAGUAIAAyADAAMAAzACAAVABhAHkAbABvAHIALgBwAGQAZgAPABoADABNAGEAYwBpAG4AdABvAH
MAaAAgAEgARAASAEpVc2Vycy9kZW5uaXNldmFuZ2VsaXN0YS9Eb2N1bWVudHMvUGFwZXJzLzIwM
DMvVGF5bG9yL05hdHJlIDIwMDMgVGF5bG9yLnBkZgATAAEvAAAVAAIAGP//AADSHh8gIVgkY2xh
c3Nlc1okY2xhc3NuYW1loyEiI11OU011dGFibGVEYXRhVk5TRGF0YVhOU09iamVjdF8QOC4uLy4
uL0RvY3VtZW50cy9QYXBlcnMvMjAwMy9UYXlsb3IvTmF0cmUgMjAwMyBUYXlsb3IucGRm0h4fJi
eiJyNcTlNEaWN0aW9uYXJ5AAgAEQAaAB8AKQAyADcAOgA/AEEAUwBcAGIAaQBwAHgAgwCFAIgAi
gCMAI8AkQCTAJ0AqgCvALcAuQKZAp4CpwKyArYCxALLAtQDDwMUAxcAAAAAAAACAQAAAAAAAAAo
AAAAAAAAAAAAAAAAAAADJA==}}

@article{Cheng:1996,
	Author = {Cheng, J. Y. and Davison, I. G. and Demont, M. Edwin},
	Date-Added = {2007-07-07 11:22:53 -0700},
	Date-Modified = {2008-10-27 15:52:18 -0700},
	Journal = {J Exp Biol},
	Month = {Aug},
	Pages = {1931--1946},
	Rating = {5},
	Title = {Dynamics and energetics of scallop locomotion},
	Uri = {papers://7745578F-AF22-43C6-9381-71DCABA46510/Paper/p1219},
	Volume = {199},
	Year = {1996},
	Bdsk-File-1 = {YnBsaXN0MDDUAQIDBAUGCQpYJHZlcnNpb25UJHRvcFkkYXJjaGl2ZXJYJG9iamVjdHMSAAGGoNE
HCFRyb290gAFfEA9OU0tleWVkQXJjaGl2ZXKoCwwXGBkdJCVVJG51bGzTDQ4PEBEUViRjbGFzc1
dOUy5rZXlzWk5TLm9iamVjdHOAB6ISE4ACgAOiFRaABIAGWWFsaWFzRGF0YVxyZWxhdGl2ZVBhd
GjSDRobHFdOUy5kYXRhgAVPEQHqAAAAAAHqAAIAAAxNYWNpbnRvc2ggSEQAAAAAAAAAAAAAAAAA
AADDYZv1SCsAAAAMBVoZSiBFeHAgQmlvbCAxOTk2IENoZW5nLnBkZgAAAAAAAAAAAAAAAAAAAAA
AAAAAAAAAAAAAAAAAAAAAAAAAAAAAAAwFW76U464AAAAAAAAAAAACAAUAAAkgAAAAAAAAAAAAAA
AAAAAABUNoZW5nAAAQAAgAAMNiDHUAAAARAAgAAL6VRh4AAAABABgADAVaAAwFVQAMA04AC9/aA
AvfhQAAeWsAAgBaTWFjaW50b3NoIEhEOlVzZXJzOmRlbm5pc2V2YW5nZWxpc3RhOkRvY3VtZW50
czpQYXBlcnM6MTk5NjpDaGVuZzpKIEV4cCBCaW9sIDE5OTYgQ2hlbmcucGRmAA4ANAAZAEoAIAB
FAHgAcAAgAEIAaQBvAGwAIAAxADkAOQA2ACAAQwBoAGUAbgBnAC4AcABkAGYADwAaAAwATQBhAG
MAaQBuAHQAbwBzAGgAIABIAEQAEgBNVXNlcnMvZGVubmlzZXZhbmdlbGlzdGEvRG9jdW1lbnRzL
1BhcGVycy8xOTk2L0NoZW5nL0ogRXhwIEJpb2wgMTk5NiBDaGVuZy5wZGYAABMAAS8AABUAAgAY
//8AANIeHyAhWCRjbGFzc2VzWiRjbGFzc25hbWWjISIjXU5TTXV0YWJsZURhdGFWTlNEYXRhWE5
TT2JqZWN0XxA7Li4vLi4vRG9jdW1lbnRzL1BhcGVycy8xOTk2L0NoZW5nL0ogRXhwIEJpb2wgMT
k5NiBDaGVuZy5wZGbSHh8mJ6InI1xOU0RpY3Rpb25hcnkACAARABoAHwApADIANwA6AD8AQQBTA
FwAYgBpAHAAeACDAIUAiACKAIwAjwCRAJMAnQCqAK8AtwC5AqcCrAK1AsACxALSAtkC4gMgAyUD
KAAAAAAAAAIBAAAAAAAAACgAAAAAAAAAAAAAAAAAAAM1}}

@article{Hoyle:1960,
	Author = {G Hoyle},
	Date-Added = {2008-07-27 20:27:49 -0700},
	Date-Modified = {2008-10-15 11:41:12 -0700},
	Journal = {J Exp Biol},
	Month = {Sep},
	Pages = {671--},
	Rating = {3},
	Title = {Neuromuscular activity in the swimming sea anemone, \emph{{S}tomphia coccinea} ({M}uller)},
	Uri = {papers://7745578F-AF22-43C6-9381-71DCABA46510/Paper/p4776},
	Year = {1960},
	Bdsk-File-1 = {YnBsaXN0MDDUAQIDBAUGCQpYJHZlcnNpb25UJHRvcFkkYXJjaGl2ZXJYJG9iamVjdHMSAAGGoNE
HCFRyb290gAFfEA9OU0tleWVkQXJjaGl2ZXKoCwwXGBkdJCVVJG51bGzTDQ4PEBEUViRjbGFzc1
dOUy5rZXlzWk5TLm9iamVjdHOAB6ISE4ACgAOiFRaABIAGWWFsaWFzRGF0YVxyZWxhdGl2ZVBhd
GjSDRobHFdOUy5kYXRhgAVPEQHqAAAAAAHqAAIAAAxNYWNpbnRvc2ggSEQAAAAAAAAAAAAAAAAA
AADDYZv1SCsAAANopTsZSiBFeHAgQmlvbCAxOTYwIEhveWxlLnBkZgAAAAAAAAAAAAAAAAAAAAA
AAAAAAAAAAAAAAAAAAAAAAAAAAAAAA2ilAMSyiCwAAAAAAAAAAAACAAUAAAkgAAAAAAAAAAAAAA
AAAAAABUhveWxlAAAQAAgAAMNiDHUAAAARAAgAAMSy6pwAAAABABgDaKU7AAwDwAAMA04AC9/aA
AvfhQAAeWsAAgBaTWFjaW50b3NoIEhEOlVzZXJzOmRlbm5pc2V2YW5nZWxpc3RhOkRvY3VtZW50
czpQYXBlcnM6MTk2MDpIb3lsZTpKIEV4cCBCaW9sIDE5NjAgSG95bGUucGRmAA4ANAAZAEoAIAB
FAHgAcAAgAEIAaQBvAGwAIAAxADkANgAwACAASABvAHkAbABlAC4AcABkAGYADwAaAAwATQBhAG
MAaQBuAHQAbwBzAGgAIABIAEQAEgBNVXNlcnMvZGVubmlzZXZhbmdlbGlzdGEvRG9jdW1lbnRzL
1BhcGVycy8xOTYwL0hveWxlL0ogRXhwIEJpb2wgMTk2MCBIb3lsZS5wZGYAABMAAS8AABUAAgAY
//8AANIeHyAhWCRjbGFzc2VzWiRjbGFzc25hbWWjISIjXU5TTXV0YWJsZURhdGFWTlNEYXRhWE5
TT2JqZWN0XxA7Li4vLi4vRG9jdW1lbnRzL1BhcGVycy8xOTYwL0hveWxlL0ogRXhwIEJpb2wgMT
k2MCBIb3lsZS5wZGbSHh8mJ6InI1xOU0RpY3Rpb25hcnkACAARABoAHwApADIANwA6AD8AQQBTA
FwAYgBpAHAAeACDAIUAiACKAIwAjwCRAJMAnQCqAK8AtwC5AqcCrAK1AsACxALSAtkC4gMgAyUD
KAAAAAAAAAIBAAAAAAAAACgAAAAAAAAAAAAAAAAAAAM1}}

@article{Daniel:1982,
	Author = {Daniel, Thomas L.},
	Date-Added = {2007-10-25 15:20:42 -0700},
	Date-Modified = {2008-10-27 15:53:15 -0700},
	Journal = {Can. J. Zool.},
	Month = {Oct},
	Pages = {1406--1420},
	Rating = {5},
	Title = {Mechanics and energetics of medusan jet propulsion},
	Uri = {papers://7745578F-AF22-43C6-9381-71DCABA46510/Paper/p2250},
	Volume = {61},
	Year = {1982},
	Bdsk-File-1 = {YnBsaXN0MDDUAQIDBAUGCQpYJHZlcnNpb25UJHRvcFkkYXJjaGl2ZXJYJG9iamVjdHMSAAGGoNE
HCFRyb290gAFfEA9OU0tleWVkQXJjaGl2ZXKoCwwXGBkdJCVVJG51bGzTDQ4PEBEUViRjbGFzc1
dOUy5rZXlzWk5TLm9iamVjdHOAB6ISE4ACgAOiFRaABIAGWWFsaWFzRGF0YVxyZWxhdGl2ZVBhd
GjSDRobHFdOUy5kYXRhgAVPEQH4AAAAAAH4AAIAAAxNYWNpbnRvc2ggSEQAAAAAAAAAAAAAAAAA
AADDYZv1SCsAAAAMBH0cQ2FuLiBKLiBab29sIDE5ODIgRGFuaWVsLnBkZgAAAAAAAAAAAAAAAAA
AAAAAAAAAAAAAAAAAAAAAAAAAAAAAAAwEfsNGZ6FQREYgQ0FSTwACAAUAAAkgAAAAAAAAAAAAAA
AAAAAABkRhbmllbAAQAAgAAMNiDHUAAAARAAgAAMNGyhEAAAABABgADAR9AAwEfAAMA04AC9/aA
AvfhQAAeWsAAgBeTWFjaW50b3NoIEhEOlVzZXJzOmRlbm5pc2V2YW5nZWxpc3RhOkRvY3VtZW50
czpQYXBlcnM6MTk4MjpEYW5pZWw6Q2FuLiBKLiBab29sIDE5ODIgRGFuaWVsLnBkZgAOADoAHAB
DAGEAbgAuACAASgAuACAAWgBvAG8AbAAgADEAOQA4ADIAIABEAGEAbgBpAGUAbAAuAHAAZABmAA
8AGgAMAE0AYQBjAGkAbgB0AG8AcwBoACAASABEABIAUVVzZXJzL2Rlbm5pc2V2YW5nZWxpc3RhL
0RvY3VtZW50cy9QYXBlcnMvMTk4Mi9EYW5pZWwvQ2FuLiBKLiBab29sIDE5ODIgRGFuaWVsLnBk
ZgAAEwABLwAAFQACABj//wAA0h4fICFYJGNsYXNzZXNaJGNsYXNzbmFtZaMhIiNdTlNNdXRhYmx
lRGF0YVZOU0RhdGFYTlNPYmplY3RfED8uLi8uLi9Eb2N1bWVudHMvUGFwZXJzLzE5ODIvRGFuaW
VsL0Nhbi4gSi4gWm9vbCAxOTgyIERhbmllbC5wZGbSHh8mJ6InI1xOU0RpY3Rpb25hcnkACAARA
BoAHwApADIANwA6AD8AQQBTAFwAYgBpAHAAeACDAIUAiACKAIwAjwCRAJMAnQCqAK8AtwC5ArUC
ugLDAs4C0gLgAucC8AMyAzcDOgAAAAAAAAIBAAAAAAAAACgAAAAAAAAAAAAAAAAAAANH}}

@article{Kastendiek:1976,
	Author = {Jon Kastendiek},
	Date-Added = {2008-07-21 21:05:55 -0700},
	Date-Modified = {2008-10-15 11:41:39 -0700},
	Journal = {Biol. Bull},
	Month = {Apr},
	Pages = {518--537},
	Rating = {0},
	Title = {Behavior of the sea pansy \emph{{R}enilla kollikeri} {P}feffer ({C}oelenterata: {P}ennatulacea) and its influence on the distribution and biological interactions of the species},
	Uri = {papers://7745578F-AF22-43C6-9381-71DCABA46510/Paper/p4706},
	Volume = {151},
	Year = {1976},
	Bdsk-File-1 = {YnBsaXN0MDDUAQIDBAUGCQpYJHZlcnNpb25UJHRvcFkkYXJjaGl2ZXJYJG9iamVjdHMSAAGGoNE
HCFRyb290gAFfEA9OU0tleWVkQXJjaGl2ZXKoCwwXGBkdJCVVJG51bGzTDQ4PEBEUViRjbGFzc1
dOUy5rZXlzWk5TLm9iamVjdHOAB6ISE4ACgAOiFRaABIAGWWFsaWFzRGF0YVxyZWxhdGl2ZVBhd
GjSDRobHFdOUy5kYXRhgAVPEQIQAAAAAAIQAAIAAAxNYWNpbnRvc2ggSEQAAAAAAAAAAAAAAAAA
AADDYZv1SCsAAANnZu0fQmlvbC4gQnVsbC4gMTk3NiBLYXN0ZW5kaWVrLnBkZgAAAAAAAAAAAAA
AAAAAAAAAAAAAAAAAAAAAAAAAAAAAA2W+C8SqqJkAAAAAAAAAAAACAAUAAAkgAAAAAAAAAAAAAA
AAAAAACkthc3RlbmRpZWsAEAAIAADDYgx1AAAAEQAIAADEqwsJAAAAAQAYA2dm7QAMBCUADANOA
Avf2gAL34UAAHlrAAIAZU1hY2ludG9zaCBIRDpVc2VyczpkZW5uaXNldmFuZ2VsaXN0YTpEb2N1
bWVudHM6UGFwZXJzOjE5NzY6S2FzdGVuZGllazpCaW9sLiBCdWxsLiAxOTc2IEthc3RlbmRpZWs
ucGRmAAAOAEAAHwBCAGkAbwBsAC4AIABCAHUAbABsAC4AIAAxADkANwA2ACAASwBhAHMAdABlAG
4AZABpAGUAawAuAHAAZABmAA8AGgAMAE0AYQBjAGkAbgB0AG8AcwBoACAASABEABIAWFVzZXJzL
2Rlbm5pc2V2YW5nZWxpc3RhL0RvY3VtZW50cy9QYXBlcnMvMTk3Ni9LYXN0ZW5kaWVrL0Jpb2wu
IEJ1bGwuIDE5NzYgS2FzdGVuZGllay5wZGYAEwABLwAAFQACABj//wAA0h4fICFYJGNsYXNzZXN
aJGNsYXNzbmFtZaMhIiNdTlNNdXRhYmxlRGF0YVZOU0RhdGFYTlNPYmplY3RfEEYuLi8uLi9Eb2
N1bWVudHMvUGFwZXJzLzE5NzYvS2FzdGVuZGllay9CaW9sLiBCdWxsLiAxOTc2IEthc3RlbmRpZ
WsucGRm0h4fJieiJyNcTlNEaWN0aW9uYXJ5AAgAEQAaAB8AKQAyADcAOgA/AEEAUwBcAGIAaQBw
AHgAgwCFAIgAigCMAI8AkQCTAJ0AqgCvALcAuQLNAtIC2wLmAuoC+AL/AwgDUQNWA1kAAAAAAAA
CAQAAAAAAAAAoAAAAAAAAAAAAAAAAAAADZg==}}

@article{Peterson:2001,
	Author = {KJ Peterson and DJ Eernisse},
	Date-Added = {2008-08-06 21:47:11 -0700},
	Date-Modified = {2008-10-15 11:43:04 -0700},
	Journal = {Evolution {\&} Development},
	Number = {3},
	Pages = {170--205},
	Pmid = {7149102000673102729related:iZsnXWS2NmMJ},
	Rating = {0},
	Title = {Animal phylogeny and the ancestry of bilaterians: inferences from morphology and 18{S} r{DNA} gene sequences},
	Uri = {papers://7745578F-AF22-43C6-9381-71DCABA46510/Paper/p4802},
	Volume = {3},
	Year = {2001},
	Bdsk-File-1 = {YnBsaXN0MDDUAQIDBAUGCQpYJHZlcnNpb25UJHRvcFkkYXJjaGl2ZXJYJG9iamVjdHMSAAGGoNE
HCFRyb290gAFfEA9OU0tleWVkQXJjaGl2ZXKoCwwXGBkdJCVVJG51bGzTDQ4PEBEUViRjbGFzc1
dOUy5rZXlzWk5TLm9iamVjdHOAB6ISE4ACgAOiFRaABIAGWWFsaWFzRGF0YVxyZWxhdGl2ZVBhd
GjSDRobHFdOUy5kYXRhgAVPEQIoAAAAAAIoAAIAAAxNYWNpbnRvc2ggSEQAAAAAAAAAAAAAAAAA
AADDYZv1SCsAAANtCLIfRXZvbHV0aW9uICYgRGV2ZWxvcCMzNkNCRjhBLnBkZgAAAAAAAAAAAAA
AAAAAAAAAAAAAAAAAAAAAAAAAAAAAA2y/isS/ycoAAAAAAAAAAAACAAUAAAkgAAAAAAAAAAAAAA
AAAAAACFBldGVyc29uABAACAAAw2IMdQAAABEACAAAxMAsOgAAAAEAGANtCLIADAbpAAwDTgAL3
9oAC9+FAAB5awACAGNNYWNpbnRvc2ggSEQ6VXNlcnM6ZGVubmlzZXZhbmdlbGlzdGE6RG9jdW1l
bnRzOlBhcGVyczoyMDAxOlBldGVyc29uOkV2b2x1dGlvbiAmIERldmVsb3AjMzZDQkY4QS5wZGY
AAA4AVAApAEUAdgBvAGwAdQB0AGkAbwBuACAAJgAgAEQAZQB2AGUAbABvAHAAbQBlAG4AdAAgAD
IAMAAwADEAIABQAGUAdABlAHIAcwBvAG4ALgBwAGQAZgAPABoADABNAGEAYwBpAG4AdABvAHMAa
AAgAEgARAASAGBVc2Vycy9kZW5uaXNldmFuZ2VsaXN0YS9Eb2N1bWVudHMvUGFwZXJzLzIwMDEv
UGV0ZXJzb24vRXZvbHV0aW9uICYgRGV2ZWxvcG1lbnQgMjAwMSBQZXRlcnNvbi5wZGYAEwABLwA
AFQACABj//wAA0h4fICFYJGNsYXNzZXNaJGNsYXNzbmFtZaMhIiNdTlNNdXRhYmxlRGF0YVZOU0
RhdGFYTlNPYmplY3RfEE4uLi8uLi9Eb2N1bWVudHMvUGFwZXJzLzIwMDEvUGV0ZXJzb24vRXZvb
HV0aW9uICYgRGV2ZWxvcG1lbnQgMjAwMSBQZXRlcnNvbi5wZGbSHh8mJ6InI1xOU0RpY3Rpb25h
cnkACAARABoAHwApADIANwA6AD8AQQBTAFwAYgBpAHAAeACDAIUAiACKAIwAjwCRAJMAnQCqAK8
AtwC5AuUC6gLzAv4DAgMQAxcDIANxA3YDeQAAAAAAAAIBAAAAAAAAACgAAAAAAAAAAAAAAAAAAA
OG}}

@article{McHenry:2003,
	Author = {Matthew J McHenry and Jason Jed},
	Date-Added = {2008-08-10 09:43:53 -0700},
	Date-Modified = {2008-10-15 11:42:41 -0700},
	Journal = {J Exp Biol},
	Month = {Nov},
	Number = {22},
	Pages = {4125--4137},
	Rating = {5},
	Title = {The ontogenetic scaling of hydrodynamics and swimming performance in jellyfish (\emph{{A}urelia aurita})},
	Uri = {papers://7745578F-AF22-43C6-9381-71DCABA46510/Paper/p4807},
	Volume = {206},
	Year = {2003},
	Bdsk-File-1 = {YnBsaXN0MDDUAQIDBAUGCQpYJHZlcnNpb25UJHRvcFkkYXJjaGl2ZXJYJG9iamVjdHMSAAGGoNE
HCFRyb290gAFfEA9OU0tleWVkQXJjaGl2ZXKoCwwXGBkdJCVVJG51bGzTDQ4PEBEUViRjbGFzc1
dOUy5rZXlzWk5TLm9iamVjdHOAB6ISE4ACgAOiFRaABIAGWWFsaWFzRGF0YVxyZWxhdGl2ZVBhd
GjSDRobHFdOUy5kYXRhgAVPEQIEAAAAAAIEAAIAAAxNYWNpbnRvc2ggSEQAAAAAAAAAAAAAAAAA
AADDYZv1SCsAAAAMCNkeSi4gRXhwLiBCaW9sLiAyMDAzIE1jSGVucnkucGRmAAAAAAAAAAAAAAA
AAAAAAAAAAAAAAAAAAAAAAAAAAAAAA27S78TAyykAAAAAAAAAAAACAAUAAAkgAAAAAAAAAAAAAA
AAAAAAB01jSGVucnkAABAACAAAw2IMdQAAABEACAAAxMEtmQAAAAEAGAAMCNkADAhdAAwDTgAL3
9oAC9+FAAB5awACAGFNYWNpbnRvc2ggSEQ6VXNlcnM6ZGVubmlzZXZhbmdlbGlzdGE6RG9jdW1l
bnRzOlBhcGVyczoyMDAzOk1jSGVucnk6Si4gRXhwLiBCaW9sLiAyMDAzIE1jSGVucnkucGRmAAA
OAD4AHgBKAC4AIABFAHgAcAAuACAAQgBpAG8AbAAuACAAMgAwADAAMwAgAE0AYwBIAGUAbgByAH
kALgBwAGQAZgAPABoADABNAGEAYwBpAG4AdABvAHMAaAAgAEgARAASAFRVc2Vycy9kZW5uaXNld
mFuZ2VsaXN0YS9Eb2N1bWVudHMvUGFwZXJzLzIwMDMvTWNIZW5yeS9KLiBFeHAuIEJpb2wuIDIw
MDMgTWNIZW5yeS5wZGYAEwABLwAAFQACABj//wAA0h4fICFYJGNsYXNzZXNaJGNsYXNzbmFtZaM
hIiNdTlNNdXRhYmxlRGF0YVZOU0RhdGFYTlNPYmplY3RfEEIuLi8uLi9Eb2N1bWVudHMvUGFwZX
JzLzIwMDMvTWNIZW5yeS9KLiBFeHAuIEJpb2wuIDIwMDMgTWNIZW5yeS5wZGbSHh8mJ6InI1xOU
0RpY3Rpb25hcnkACAARABoAHwApADIANwA6AD8AQQBTAFwAYgBpAHAAeACDAIUAiACKAIwAjwCR
AJMAnQCqAK8AtwC5AsECxgLPAtoC3gLsAvMC/ANBA0YDSQAAAAAAAAIBAAAAAAAAACgAAAAAAAA
AAAAAAAAAAANW},
	Bdsk-Url-1 = {http://dx.doi.org/10.1242/jeb.00649}}

@article{Ross:1964,
	Author = {D M Ross and L Sutton},
	Date-Added = {2008-07-21 21:05:47 -0700},
	Date-Modified = {2008-10-15 11:43:52 -0700},
	Journal = {J Exp Biol},
	Number = {4},
	Pages = {751--757},
	Pmid = {17692935451886423466related:qg2bYw3vifUJ},
	Rating = {3},
	Title = {Inhibition of the swimming response by food and of nematocyst discharge during swimming in the sea anemone \emph{{S}tomphia coccinea}},
	Uri = {papers://7745578F-AF22-43C6-9381-71DCABA46510/Paper/p4707},
	Volume = {41},
	Year = {1964},
	Bdsk-File-1 = {YnBsaXN0MDDUAQIDBAUGCQpYJHZlcnNpb25UJHRvcFkkYXJjaGl2ZXJYJG9iamVjdHMSAAGGoNE
HCFRyb290gAFfEA9OU0tleWVkQXJjaGl2ZXKoCwwXGBkdJCVVJG51bGzTDQ4PEBEUViRjbGFzc1
dOUy5rZXlzWk5TLm9iamVjdHOAB6ISE4ACgAOiFRaABIAGWWFsaWFzRGF0YVxyZWxhdGl2ZVBhd
GjSDRobHFdOUy5kYXRhgAVPEQHuAAAAAAHuAAIAAAxNYWNpbnRvc2ggSEQAAAAAAAAAAAAAAAAA
AADDYZv1SCsAAANnZtgbSi4gRXhwLiBCaW9sLiAxOTY0IFJvc3MucGRmAAAAAAAAAAAAAAAAAAA
AAAAAAAAAAAAAAAAAAAAAAAAAAAAAA2W9+8SqpcgAAAAAAAAAAAACAAUAAAkgAAAAAAAAAAAAAA
AAAAAABFJPU1MAEAAIAADDYgx1AAAAEQAIAADEqwg4AAAAAQAYA2dm2AAMA8YADANOAAvf2gAL3
4UAAHlrAAIAW01hY2ludG9zaCBIRDpVc2VyczpkZW5uaXNldmFuZ2VsaXN0YTpEb2N1bWVudHM6
UGFwZXJzOjE5NjQ6Uk9TUzpKLiBFeHAuIEJpb2wuIDE5NjQgUm9zcy5wZGYAAA4AOAAbAEoALgA
gAEUAeABwAC4AIABCAGkAbwBsAC4AIAAxADkANgA0ACAAUgBvAHMAcwAuAHAAZABmAA8AGgAMAE
0AYQBjAGkAbgB0AG8AcwBoACAASABEABIATlVzZXJzL2Rlbm5pc2V2YW5nZWxpc3RhL0RvY3VtZ
W50cy9QYXBlcnMvMTk2NC9ST1NTL0ouIEV4cC4gQmlvbC4gMTk2NCBSb3NzLnBkZgATAAEvAAAV
AAIAGP//AADSHh8gIVgkY2xhc3Nlc1okY2xhc3NuYW1loyEiI11OU011dGFibGVEYXRhVk5TRGF
0YVhOU09iamVjdF8QPC4uLy4uL0RvY3VtZW50cy9QYXBlcnMvMTk2NC9ST1NTL0ouIEV4cC4gQm
lvbC4gMTk2NCBSb3NzLnBkZtIeHyYnoicjXE5TRGljdGlvbmFyeQAIABEAGgAfACkAMgA3ADoAP
wBBAFMAXABiAGkAcAB4AIMAhQCIAIoAjACPAJEAkwCdAKoArwC3ALkCqwKwArkCxALIAtYC3QLm
AyUDKgMtAAAAAAAAAgEAAAAAAAAAKAAAAAAAAAAAAAAAAAAAAzo=}}

@article{Hargrave:2004,
	Author = {BT Hargrave and VE Kostylev and CM Hawkins},
	Date-Added = {2008-08-06 21:47:13 -0700},
	Date-Modified = {2008-10-15 11:40:59 -0700},
	Journal = {Mar Ecol Prog Ser},
	Pages = {55--70},
	Pmid = {4947647233005950168related:2JRD1fGSqUQJ},
	Rating = {1},
	Title = {Benthic epifauna assemblages, biomass and respiration in The Gully region on the {S}cotian Shelf, {NW} {A}tlantic {O}cean},
	Uri = {papers://7745578F-AF22-43C6-9381-71DCABA46510/Paper/p4798},
	Volume = {270},
	Year = {2004},
	Bdsk-File-1 = {YnBsaXN0MDDUAQIDBAUGCQpYJHZlcnNpb25UJHRvcFkkYXJjaGl2ZXJYJG9iamVjdHMSAAGGoNE
HCFRyb290gAFfEA9OU0tleWVkQXJjaGl2ZXKoCwwXGBkdJCVVJG51bGzTDQ4PEBEUViRjbGFzc1
dOUy5rZXlzWk5TLm9iamVjdHOAB6ISE4ACgAOiFRaABIAGWWFsaWFzRGF0YVxyZWxhdGl2ZVBhd
GjSDRobHFdOUy5kYXRhgAVPEQIWAAAAAAIWAAIAAAxNYWNpbnRvc2ggSEQAAAAAAAAAAAAAAAAA
AADDYZv1SCsAAANtCJAfTWFyIEVjb2wgUHJvZyBTZXIgMiMzNkNCRjhELnBkZgAAAAAAAAAAAAA
AAAAAAAAAAAAAAAAAAAAAAAAAAAAAA2y/jcS/y10AAAAAAAAAAAACAAUAAAkgAAAAAAAAAAAAAA
AAAAAACEhhcmdyYXZlABAACAAAw2IMdQAAABEACAAAxMAtzQAAAAEAGANtCJAADAk/AAwDTgAL3
9oAC9+FAAB5awACAGNNYWNpbnRvc2ggSEQ6VXNlcnM6ZGVubmlzZXZhbmdlbGlzdGE6RG9jdW1l
bnRzOlBhcGVyczoyMDA0OkhhcmdyYXZlOk1hciBFY29sIFByb2cgU2VyIDIjMzZDQkY4RC5wZGY
AAA4ASAAjAE0AYQByACAARQBjAG8AbAAgAFAAcgBvAGcAIABTAGUAcgAgADIAMAAwADQAIABIAG
EAcgBnAHIAYQB2AGUALgBwAGQAZgAPABoADABNAGEAYwBpAG4AdABvAHMAaAAgAEgARAASAFpVc
2Vycy9kZW5uaXNldmFuZ2VsaXN0YS9Eb2N1bWVudHMvUGFwZXJzLzIwMDQvSGFyZ3JhdmUvTWFy
IEVjb2wgUHJvZyBTZXIgMjAwNCBIYXJncmF2ZS5wZGYAEwABLwAAFQACABj//wAA0h4fICFYJGN
sYXNzZXNaJGNsYXNzbmFtZaMhIiNdTlNNdXRhYmxlRGF0YVZOU0RhdGFYTlNPYmplY3RfEEguLi
8uLi9Eb2N1bWVudHMvUGFwZXJzLzIwMDQvSGFyZ3JhdmUvTWFyIEVjb2wgUHJvZyBTZXIgMjAwN
CBIYXJncmF2ZS5wZGbSHh8mJ6InI1xOU0RpY3Rpb25hcnkACAARABoAHwApADIANwA6AD8AQQBT
AFwAYgBpAHAAeACDAIUAiACKAIwAjwCRAJMAnQCqAK8AtwC5AtMC2ALhAuwC8AL+AwUDDgNZA14
DYQAAAAAAAAIBAAAAAAAAACgAAAAAAAAAAAAAAAAAAANu}}

@article{Pesavento:2004,
	Abstract = {We investigate the problem of falling paper by solving the two dimensional Navier-Stokes equations subject to the motion of a free-falling body at Reynolds numbers around 10 3 . The aerodynamic lift on a tumbling plate is found to },
	Author = {U Pesavento and Z Wang},
	Date-Added = {2008-04-12 09:07:01 -0700},
	Date-Modified = {2008-10-15 11:42:52 -0700},
	Journal = {Physical Review Letters},
	Month = {Jan},
	Pmid = {8013411701053558924related:jJBBOHxbNW8J},
	Rating = {4},
	Title = {Falling paper: {N}avier-{S}tokes solutions, model of fluid forces, and center of mass elevation},
	Uri = {papers://7745578F-AF22-43C6-9381-71DCABA46510/Paper/p3183},
	Year = {2004},
	Bdsk-File-1 = {YnBsaXN0MDDUAQIDBAUGCQpYJHZlcnNpb25UJHRvcFkkYXJjaGl2ZXJYJG9iamVjdHMSAAGGoNE
HCFRyb290gAFfEA9OU0tleWVkQXJjaGl2ZXKoCwwXGBkdJCVVJG51bGzTDQ4PEBEUViRjbGFzc1
dOUy5rZXlzWk5TLm9iamVjdHOAB6ISE4ACgAOiFRaABIAGWWFsaWFzRGF0YVxyZWxhdGl2ZVBhd
GjSDRobHFdOUy5kYXRhgAVPEQIuAAAAAAIuAAIAAAxNYWNpbnRvc2ggSEQAAAAAAAAAAAAAAAAA
AADDYZv1SCsAAAM5NyUfUGh5c2ljYWwgUmV2aWV3IExldCMzMzkzNkJGLnBkZgAAAAAAAAAAAAA
AAAAAAAAAAAAAAAAAAAAAAAAAAAAAAzk2v8QmKUEAAAAAAAAAAAACAAUAAAkgAAAAAAAAAAAAAA
AAAAAACVBlc2F2ZW50bwAAEAAIAADDYgx1AAAAEQAIAADEJouxAAAAAQAYAzk3JQAMCT8ADANOA
Avf2gAL34UAAHlrAAIAZE1hY2ludG9zaCBIRDpVc2VyczpkZW5uaXNldmFuZ2VsaXN0YTpEb2N1
bWVudHM6UGFwZXJzOjIwMDQ6UGVzYXZlbnRvOlBoeXNpY2FsIFJldmlldyBMZXQjMzM5MzZCRi5
wZGYADgBWACoAUABoAHkAcwBpAGMAYQBsACAAUgBlAHYAaQBlAHcAIABMAGUAdAB0AGUAcgBzAC
AAMgAwADAANAAgAFAAZQBzAGEAdgBlAG4AdABvAC4AcABkAGYADwAaAAwATQBhAGMAaQBuAHQAb
wBzAGgAIABIAEQAEgBiVXNlcnMvZGVubmlzZXZhbmdlbGlzdGEvRG9jdW1lbnRzL1BhcGVycy8y
MDA0L1Blc2F2ZW50by9QaHlzaWNhbCBSZXZpZXcgTGV0dGVycyAyMDA0IFBlc2F2ZW50by5wZGY
AEwABLwAAFQACABj//wAA0h4fICFYJGNsYXNzZXNaJGNsYXNzbmFtZaMhIiNdTlNNdXRhYmxlRG
F0YVZOU0RhdGFYTlNPYmplY3RfEFAuLi8uLi9Eb2N1bWVudHMvUGFwZXJzLzIwMDQvUGVzYXZlb
nRvL1BoeXNpY2FsIFJldmlldyBMZXR0ZXJzIDIwMDQgUGVzYXZlbnRvLnBkZtIeHyYnoicjXE5T
RGljdGlvbmFyeQAIABEAGgAfACkAMgA3ADoAPwBBAFMAXABiAGkAcAB4AIMAhQCIAIoAjACPAJE
AkwCdAKoArwC3ALkC6wLwAvkDBAMIAxYDHQMmA3kDfgOBAAAAAAAAAgEAAAAAAAAAKAAAAAAAAA
AAAAAAAAAAA44=},
	Bdsk-Url-1 = {http://link.aps.org/doi/10.1103/PhysRevLett.93.144501}}

@article{Yentsch:1955,
	Author = {C S Yentsch and D C Pierce},
	Date-Added = {2008-08-13 23:31:22 -0700},
	Date-Modified = {2008-10-15 13:04:37 -0700},
	Journal = {Science},
	Month = {Feb},
	Number = {3182},
	Pages = {1231--1233},
	Rating = {0},
	Title = {"{S}wimming" anemone from {P}uget {S}ound},
	Uri = {papers://7745578F-AF22-43C6-9381-71DCABA46510/Paper/p4819},
	Volume = {122},
	Year = {1955},
	Bdsk-File-1 = {YnBsaXN0MDDUAQIDBAUGCQpYJHZlcnNpb25UJHRvcFkkYXJjaGl2ZXJYJG9iamVjdHMSAAGGoNE
HCFRyb290gAFfEA9OU0tleWVkQXJjaGl2ZXKoCwwXGBkdJCVVJG51bGzTDQ4PEBEUViRjbGFzc1
dOUy5rZXlzWk5TLm9iamVjdHOAB6ISE4ACgAOiFRaABIAGWWFsaWFzRGF0YVxyZWxhdGl2ZVBhd
GjSDRobHFdOUy5kYXRhgAVPEQHsAAAAAAHsAAIAAAxNYWNpbnRvc2ggSEQAAAAAAAAAAAAAAAAA
AADDYZv1SCsAAAPDdvkYU2NpZW5jZSAxOTU1IFllbnRzY2gucGRmAAAAAAAAAAAAAAAAAAAAAAA
AAAAAAAAAAAAAAAAAAAAAAAAAAAAAA3BDk8TIkUwAAAAAAAAAAAACAAUAAAkgAAAAAAAAAAAAAA
AAAAAAB1llbnRzY2gAABAACAAAw2IMdQAAABEACAAAxMjzvAAAAAEAGAPDdvkADAOwAAwDTgAL3
9oAC9+FAAB5awACAFtNYWNpbnRvc2ggSEQ6VXNlcnM6ZGVubmlzZXZhbmdlbGlzdGE6RG9jdW1l
bnRzOlBhcGVyczoxOTU1OlllbnRzY2g6U2NpZW5jZSAxOTU1IFllbnRzY2gucGRmAAAOADIAGAB
TAGMAaQBlAG4AYwBlACAAMQA5ADUANQAgAFkAZQBuAHQAcwBjAGgALgBwAGQAZgAPABoADABNAG
EAYwBpAG4AdABvAHMAaAAgAEgARAASAE5Vc2Vycy9kZW5uaXNldmFuZ2VsaXN0YS9Eb2N1bWVud
HMvUGFwZXJzLzE5NTUvWWVudHNjaC9TY2llbmNlIDE5NTUgWWVudHNjaC5wZGYAEwABLwAAFQAC
ABj//wAA0h4fICFYJGNsYXNzZXNaJGNsYXNzbmFtZaMhIiNdTlNNdXRhYmxlRGF0YVZOU0RhdGF
YTlNPYmplY3RfEDwuLi8uLi9Eb2N1bWVudHMvUGFwZXJzLzE5NTUvWWVudHNjaC9TY2llbmNlID
E5NTUgWWVudHNjaC5wZGbSHh8mJ6InI1xOU0RpY3Rpb25hcnkACAARABoAHwApADIANwA6AD8AQ
QBTAFwAYgBpAHAAeACDAIUAiACKAIwAjwCRAJMAnQCqAK8AtwC5AqkCrgK3AsICxgLUAtsC5AMj
AygDKwAAAAAAAAIBAAAAAAAAACgAAAAAAAAAAAAAAAAAAAM4},
	Bdsk-Url-1 = {http://www.jstor.org/stable/1750687%20}}

@article{Dickinson:1996,
	Author = {Dickinson, Michael H.},
	Date-Added = {2008-08-10 09:43:59 -0700},
	Date-Modified = {2008-10-27 15:53:59 -0700},
	Journal = {Integr. Comp. Biol.},
	Number = {6},
	Pages = {537--554},
	Pmid = {13318460246995022233related:mbFMyQet1LgJ},
	Rating = {0},
	Title = {Unsteady mechanisms of force generation in aquatic and aerial locomotion},
	Uri = {papers://7745578F-AF22-43C6-9381-71DCABA46510/Paper/p4817},
	Volume = {36},
	Year = {1996},
	Bdsk-File-1 = {YnBsaXN0MDDUAQIDBAUGCQpYJHZlcnNpb25UJHRvcFkkYXJjaGl2ZXJYJG9iamVjdHMSAAGGoNE
HCFRyb290gAFfEA9OU0tleWVkQXJjaGl2ZXKoCwwXGBkdJCVVJG51bGzTDQ4PEBEUViRjbGFzc1
dOUy5rZXlzWk5TLm9iamVjdHOAB6ISE4ACgAOiFRaABIAGWWFsaWFzRGF0YVxyZWxhdGl2ZVBhd
GjSDRobHFdOUy5kYXRhgAVPEQIiAAAAAAIiAAIAAAxNYWNpbnRvc2ggSEQAAAAAAAAAAAAAAAAA
AADDYZv1SCsAAAAMBVwfSW50ZWdyLiBDb21wLiBCaW9sLiMzNkVEMzAwLnBkZgAAAAAAAAAAAAA
AAAAAAAAAAAAAAAAAAAAAAAAAAAAAA27TAMTDsgEAAAAAAAAAAAACAAUAAAkgAAAAAAAAAAAAAA
AAAAAACURpY2tpbnNvbgAAEAAIAADDYgx1AAAAEQAIAADExBRxAAAAAQAYAAwFXAAMBVUADANOA
Avf2gAL34UAAHlrAAIAZE1hY2ludG9zaCBIRDpVc2VyczpkZW5uaXNldmFuZ2VsaXN0YTpEb2N1
bWVudHM6UGFwZXJzOjE5OTY6RGlja2luc29uOkludGVnci4gQ29tcC4gQmlvbC4jMzZFRDMwMC5
wZGYADgBOACYASQBuAHQAZQBnAHIALgAgAEMAbwBtAHAALgAgAEIAaQBvAGwALgAgADEAOQA5AD
YAIABEAGkAYwBrAGkAbgBzAG8AbgAuAHAAZABmAA8AGgAMAE0AYQBjAGkAbgB0AG8AcwBoACAAS
ABEABIAXlVzZXJzL2Rlbm5pc2V2YW5nZWxpc3RhL0RvY3VtZW50cy9QYXBlcnMvMTk5Ni9EaWNr
aW5zb24vSW50ZWdyLiBDb21wLiBCaW9sLiAxOTk2IERpY2tpbnNvbi5wZGYAEwABLwAAFQACABj
//wAA0h4fICFYJGNsYXNzZXNaJGNsYXNzbmFtZaMhIiNdTlNNdXRhYmxlRGF0YVZOU0RhdGFYTl
NPYmplY3RfEEwuLi8uLi9Eb2N1bWVudHMvUGFwZXJzLzE5OTYvRGlja2luc29uL0ludGVnci4gQ
29tcC4gQmlvbC4gMTk5NiBEaWNraW5zb24ucGRm0h4fJieiJyNcTlNEaWN0aW9uYXJ5AAgAEQAa
AB8AKQAyADcAOgA/AEEAUwBcAGIAaQBwAHgAgwCFAIgAigCMAI8AkQCTAJ0AqgCvALcAuQLfAuQ
C7QL4AvwDCgMRAxoDaQNuA3EAAAAAAAACAQAAAAAAAAAoAAAAAAAAAAAAAAAAAAADfg==}}

@article{Ross:1967,
	Author = {D M Ross and L Sutton},
	Date-Added = {2008-07-24 07:16:44 -0700},
	Date-Modified = {2008-10-15 11:44:33 -0700},
	Journal = {Science},
	Month = {Jul},
	Pages = {1419--1420},
	Rating = {4},
	Title = {Swimming sea anemones of {P}uget {S}ound: Swimming of \emph{{A}ctinostola} (new sp.) in response to \emph{{S}tomphia coccinea}},
	Uri = {papers://7745578F-AF22-43C6-9381-71DCABA46510/Paper/p4739},
	Volume = {155},
	Year = {1967},
	Bdsk-File-1 = {YnBsaXN0MDDUAQIDBAUGCQpYJHZlcnNpb25UJHRvcFkkYXJjaGl2ZXJYJG9iamVjdHMSAAGGoNE
HCFRyb290gAFfEA9OU0tleWVkQXJjaGl2ZXKoCwwXGBkdJCVVJG51bGzTDQ4PEBEUViRjbGFzc1
dOUy5rZXlzWk5TLm9iamVjdHOAB6ISE4ACgAOiFRaABIAGWWFsaWFzRGF0YVxyZWxhdGl2ZVBhd
GjSDRobHFdOUy5kYXRhgAVPEQHWAAAAAAHWAAIAAAxNYWNpbnRvc2ggSEQAAAAAAAAAAAAAAAAA
AADDYZv1SCsAAANnZkUVU2NpZW5jZSAxOTY3IFJvc3MucGRmAAAAAAAAAAAAAAAAAAAAAAAAAAA
AAAAAAAAAAAAAAAAAAAAAAAAAAAAAA2dlXMStHHEAAAAAAAAAAAACAAUAAAkgAAAAAAAAAAAAAA
AAAAAABFJvc3MAEAAIAADDYgx1AAAAEQAIAADErX7hAAAAAQAYA2dmRQJbjpoADANOAAvf2gAL3
4UAAHlrAAIAVU1hY2ludG9zaCBIRDpVc2VyczpkZW5uaXNldmFuZ2VsaXN0YTpEb2N1bWVudHM6
UGFwZXJzOjE5Njc6Um9zczpTY2llbmNlIDE5NjcgUm9zcy5wZGYAAA4ALAAVAFMAYwBpAGUAbgB
jAGUAIAAxADkANgA3ACAAUgBvAHMAcwAuAHAAZABmAA8AGgAMAE0AYQBjAGkAbgB0AG8AcwBoAC
AASABEABIASFVzZXJzL2Rlbm5pc2V2YW5nZWxpc3RhL0RvY3VtZW50cy9QYXBlcnMvMTk2Ny9Sb
3NzL1NjaWVuY2UgMTk2NyBSb3NzLnBkZgATAAEvAAAVAAIAGP//AADSHh8gIVgkY2xhc3Nlc1ok
Y2xhc3NuYW1loyEiI11OU011dGFibGVEYXRhVk5TRGF0YVhOU09iamVjdF8QNi4uLy4uL0RvY3V
tZW50cy9QYXBlcnMvMTk2Ny9Sb3NzL1NjaWVuY2UgMTk2NyBSb3NzLnBkZtIeHyYnoicjXE5TRG
ljdGlvbmFyeQAIABEAGgAfACkAMgA3ADoAPwBBAFMAXABiAGkAcAB4AIMAhQCIAIoAjACPAJEAk
wCdAKoArwC3ALkCkwKYAqECrAKwAr4CxQLOAwcDDAMPAAAAAAAAAgEAAAAAAAAAKAAAAAAAAAAA
AAAAAAAAAxw=}}

@article{Andersen:2005,
	Author = {Andersen, A. and Pesavento, U. and Wang, Z. J.},
	Date-Added = {2008-07-30 20:26:16 -0700},
	Date-Modified = {2008-10-27 15:50:26 -0700},
	Journal = {J. Fluid Mech.},
	Month = {Oct},
	Pages = {65},
	Rating = {5},
	Title = {Unsteady aerodynamics of fluttering and tumbling plates},
	Uri = {papers://7745578F-AF22-43C6-9381-71DCABA46510/Paper/p4782},
	Volume = {541},
	Year = {2005},
	Bdsk-File-1 = {YnBsaXN0MDDUAQIDBAUGCQpYJHZlcnNpb25UJHRvcFkkYXJjaGl2ZXJYJG9iamVjdHMSAAGGoNE
HCFRyb290gAFfEA9OU0tleWVkQXJjaGl2ZXKoCwwXGBkdJCVVJG51bGzTDQ4PEBEUViRjbGFzc1
dOUy5rZXlzWk5TLm9iamVjdHOAB6ISE4ACgAOiFRaABIAGWWFsaWFzRGF0YVxyZWxhdGl2ZVBhd
GjSDRobHFdOUy5kYXRhgAVPEQIOAAAAAAIOAAIAAAxNYWNpbnRvc2ggSEQAAAAAAAAAAAAAAAAA
AADDYZv1SCsAAANp5ecfSi4gRmx1aWQgTWVjaC4gMjAwNSMzNjlFNUU4LnBkZgAAAAAAAAAAAAA
AAAAAAAAAAAAAAAAAAAAAAAAAAAAAA2nl6MS0yFwAAAAAAAAAAAACAAUAAAkgAAAAAAAAAAAAAA
AAAAAACEFuZGVyc2VuABAACAAAw2IMdQAAABEACAAAxLUqzAAAAAEAGANp5ecADAp4AAwDTgAL3
9oAC9+FAAB5awACAGNNYWNpbnRvc2ggSEQ6VXNlcnM6ZGVubmlzZXZhbmdlbGlzdGE6RG9jdW1l
bnRzOlBhcGVyczoyMDA1OkFuZGVyc2VuOkouIEZsdWlkIE1lY2guIDIwMDUjMzY5RTVFOC5wZGY
AAA4AQgAgAEoALgAgAEYAbAB1AGkAZAAgAE0AZQBjAGgALgAgADIAMAAwADUAIABBAG4AZABlAH
IAcwBlAG4ALgBwAGQAZgAPABoADABNAGEAYwBpAG4AdABvAHMAaAAgAEgARAASAFdVc2Vycy9kZ
W5uaXNldmFuZ2VsaXN0YS9Eb2N1bWVudHMvUGFwZXJzLzIwMDUvQW5kZXJzZW4vSi4gRmx1aWQg
TWVjaC4gMjAwNSBBbmRlcnNlbi5wZGYAABMAAS8AABUAAgAY//8AANIeHyAhWCRjbGFzc2VzWiR
jbGFzc25hbWWjISIjXU5TTXV0YWJsZURhdGFWTlNEYXRhWE5TT2JqZWN0XxBFLi4vLi4vRG9jdW
1lbnRzL1BhcGVycy8yMDA1L0FuZGVyc2VuL0ouIEZsdWlkIE1lY2guIDIwMDUgQW5kZXJzZW4uc
GRm0h4fJieiJyNcTlNEaWN0aW9uYXJ5AAgAEQAaAB8AKQAyADcAOgA/AEEAUwBcAGIAaQBwAHgA
gwCFAIgAigCMAI8AkQCTAJ0AqgCvALcAuQLLAtAC2QLkAugC9gL9AwYDTgNTA1YAAAAAAAACAQA
AAAAAAAAoAAAAAAAAAAAAAAAAAAADYw==},
	Bdsk-Url-1 = {http://dx.doi.org/10.1017/S002211200500594X}}

@article{Ross:1964a,
	Author = {D M Ross and L Sutton},
	Date-Added = {2008-07-21 21:05:54 -0700},
	Date-Modified = {2008-10-15 11:44:02 -0700},
	Journal = {J Exp Biol},
	Number = {4},
	Pages = {735--749},
	Pmid = {18372717006530445187related:g38GTcYA-f4J},
	Rating = {4},
	Title = {The swimming response of the sea anemone \emph{{S}tomphia coccinea} to electrical stimulation},
	Uri = {papers://7745578F-AF22-43C6-9381-71DCABA46510/Paper/p4724},
	Volume = {41},
	Year = {1964},
	Bdsk-File-1 = {YnBsaXN0MDDUAQIDBAUGCQpYJHZlcnNpb25UJHRvcFkkYXJjaGl2ZXJYJG9iamVjdHMSAAGGoNE
HCFRyb290gAFfEA9OU0tleWVkQXJjaGl2ZXKoCwwXGBkdJCVVJG51bGzTDQ4PEBEUViRjbGFzc1
dOUy5rZXlzWk5TLm9iamVjdHOAB6ISE4ACgAOiFRaABIAGWWFsaWFzRGF0YVxyZWxhdGl2ZVBhd
GjSDRobHFdOUy5kYXRhgAVPEQHqAAAAAAHqAAIAAAxNYWNpbnRvc2ggSEQAAAAAAAAAAAAAAAAA
AADDYZv1SCsAAANnZtgaSiBFeHAgQmlvbCAxOTY0IFJvc3MtMS5wZGYAAAAAAAAAAAAAAAAAAAA
AAAAAAAAAAAAAAAAAAAAAAAAAAAAAA2W+A8SqpegAAAAAAAAAAAACAAUAAAkgAAAAAAAAAAAAAA
AAAAAABFJPU1MAEAAIAADDYgx1AAAAEQAIAADEqwhYAAAAAQAYA2dm2AAMA8YADANOAAvf2gAL3
4UAAHlrAAIAWk1hY2ludG9zaCBIRDpVc2VyczpkZW5uaXNldmFuZ2VsaXN0YTpEb2N1bWVudHM6
UGFwZXJzOjE5NjQ6Uk9TUzpKIEV4cCBCaW9sIDE5NjQgUm9zcy0xLnBkZgAOADYAGgBKACAARQB
4AHAAIABCAGkAbwBsACAAMQA5ADYANAAgAFIAbwBzAHMALQAxAC4AcABkAGYADwAaAAwATQBhAG
MAaQBuAHQAbwBzAGgAIABIAEQAEgBNVXNlcnMvZGVubmlzZXZhbmdlbGlzdGEvRG9jdW1lbnRzL
1BhcGVycy8xOTY0L1JPU1MvSiBFeHAgQmlvbCAxOTY0IFJvc3MtMS5wZGYAABMAAS8AABUAAgAY
//8AANIeHyAhWCRjbGFzc2VzWiRjbGFzc25hbWWjISIjXU5TTXV0YWJsZURhdGFWTlNEYXRhWE5
TT2JqZWN0XxA7Li4vLi4vRG9jdW1lbnRzL1BhcGVycy8xOTY0L1JPU1MvSiBFeHAgQmlvbCAxOT
Y0IFJvc3MtMS5wZGbSHh8mJ6InI1xOU0RpY3Rpb25hcnkACAARABoAHwApADIANwA6AD8AQQBTA
FwAYgBpAHAAeACDAIUAiACKAIwAjwCRAJMAnQCqAK8AtwC5AqcCrAK1AsACxALSAtkC4gMgAyUD
KAAAAAAAAAIBAAAAAAAAACgAAAAAAAAAAAAAAAAAAAM1}}

@article{Collins:2002,
	Author = {Collins, A. G.},
	Date-Added = {2008-08-06 21:47:19 -0700},
	Date-Modified = {2008-10-27 15:52:57 -0700},
	Journal = {J Evolution Biol},
	Number = {3},
	Pages = {418},
	Pmid = {15860243707317429093related:ZaPH4Z7nGtwJ},
	Rating = {0},
	Title = {Phylogeny of {M}edusozoa and the evolution of cnidarian life cycles.},
	Uri = {papers://7745578F-AF22-43C6-9381-71DCABA46510/Paper/p4797},
	Volume = {15},
	Year = {2002},
	Bdsk-File-1 = {YnBsaXN0MDDUAQIDBAUGCQpYJHZlcnNpb25UJHRvcFkkYXJjaGl2ZXJYJG9iamVjdHMSAAGGoNE
HCFRyb290gAFfEA9OU0tleWVkQXJjaGl2ZXKoCwwXGBkdJCVVJG51bGzTDQ4PEBEUViRjbGFzc1
dOUy5rZXlzWk5TLm9iamVjdHOAB6ISE4ACgAOiFRaABIAGWWFsaWFzRGF0YVxyZWxhdGl2ZVBhd
GjSDRobHFdOUy5kYXRhgAVPEQIOAAAAAAIOAAIAAAxNYWNpbnRvc2ggSEQAAAAAAAAAAAAAAAAA
AADDYZv1SCsAAANtCKYfSiBFdm9sdXRpb24gQmlvbCAyMCMzNkNCRjkzLnBkZgAAAAAAAAAAAAA
AAAAAAAAAAAAAAAAAAAAAAAAAAAAAA2y/k8S/yKIAAAAAAAAAAAACAAUAAAkgAAAAAAAAAAAAAA
AAAAAAB0NPTExJTlMAABAACAAAw2IMdQAAABEACAAAxMArEgAAAAEAGANtCKYADAdvAAwDTgAL3
9oAC9+FAAB5awACAGJNYWNpbnRvc2ggSEQ6VXNlcnM6ZGVubmlzZXZhbmdlbGlzdGE6RG9jdW1l
bnRzOlBhcGVyczoyMDAyOkNPTExJTlM6SiBFdm9sdXRpb24gQmlvbCAyMCMzNkNCRjkzLnBkZgA
OAEQAIQBKACAARQB2AG8AbAB1AHQAaQBvAG4AIABCAGkAbwBsACAAMgAwADAAMgAgAEMAbwBsAG
wAaQBuAHMALgBwAGQAZgAPABoADABNAGEAYwBpAG4AdABvAHMAaAAgAEgARAASAFdVc2Vycy9kZ
W5uaXNldmFuZ2VsaXN0YS9Eb2N1bWVudHMvUGFwZXJzLzIwMDIvQ09MTElOUy9KIEV2b2x1dGlv
biBCaW9sIDIwMDIgQ29sbGlucy5wZGYAABMAAS8AABUAAgAY//8AANIeHyAhWCRjbGFzc2VzWiR
jbGFzc25hbWWjISIjXU5TTXV0YWJsZURhdGFWTlNEYXRhWE5TT2JqZWN0XxBFLi4vLi4vRG9jdW
1lbnRzL1BhcGVycy8yMDAyL0NPTExJTlMvSiBFdm9sdXRpb24gQmlvbCAyMDAyIENvbGxpbnMuc
GRm0h4fJieiJyNcTlNEaWN0aW9uYXJ5AAgAEQAaAB8AKQAyADcAOgA/AEEAUwBcAGIAaQBwAHgA
gwCFAIgAigCMAI8AkQCTAJ0AqgCvALcAuQLLAtAC2QLkAugC9gL9AwYDTgNTA1YAAAAAAAACAQA
AAAAAAAAoAAAAAAAAAAAAAAAAAAADYw==}}

@article{Daniel:1985,
	Author = {Daniel, Thomas L.},
	Date-Added = {2007-10-25 15:20:42 -0700},
	Date-Modified = {2008-10-27 15:53:22 -0700},
	Journal = {J Exp Biol},
	Month = {Sep},
	Pages = {149--164},
	Rating = {5},
	Title = {Cost of locomotion: unsteady medusan swimming},
	Uri = {papers://7745578F-AF22-43C6-9381-71DCABA46510/Paper/p2240},
	Volume = {119},
	Year = {1985},
	Bdsk-File-1 = {YnBsaXN0MDDUAQIDBAUGCQpYJHZlcnNpb25UJHRvcFkkYXJjaGl2ZXJYJG9iamVjdHMSAAGGoNE
HCFRyb290gAFfEA9OU0tleWVkQXJjaGl2ZXKoCwwXGBkdJCVVJG51bGzTDQ4PEBEUViRjbGFzc1
dOUy5rZXlzWk5TLm9iamVjdHOAB6ISE4ACgAOiFRaABIAGWWFsaWFzRGF0YVxyZWxhdGl2ZVBhd
GjSDRobHFdOUy5kYXRhgAVPEQH8AAAAAAH8AAIAAAxNYWNpbnRvc2ggSEQAAAAAAAAAAAAAAAAA
AADDYZv1SCsAAAAMBJgdSi4gRXhwLiBCaW9sLiAxOTg1IERhbmllbC5wZGYAAAAAAAAAAAAAAAA
AAAAAAAAAAAAAAAAAAAAAAAAAAAAAAAwEmcNGYmIAAAAAAAAAAAACAAUAAAkgAAAAAAAAAAAAAA
AAAAAABkRhbmllbAAQAAgAAMNiDHUAAAARAAgAAMNGxNIAAAABABgADASYAAwElwAMA04AC9/aA
AvfhQAAeWsAAgBfTWFjaW50b3NoIEhEOlVzZXJzOmRlbm5pc2V2YW5nZWxpc3RhOkRvY3VtZW50
czpQYXBlcnM6MTk4NTpEYW5pZWw6Si4gRXhwLiBCaW9sLiAxOTg1IERhbmllbC5wZGYAAA4APAA
dAEoALgAgAEUAeABwAC4AIABCAGkAbwBsAC4AIAAxADkAOAA1ACAARABhAG4AaQBlAGwALgBwAG
QAZgAPABoADABNAGEAYwBpAG4AdABvAHMAaAAgAEgARAASAFJVc2Vycy9kZW5uaXNldmFuZ2Vsa
XN0YS9Eb2N1bWVudHMvUGFwZXJzLzE5ODUvRGFuaWVsL0ouIEV4cC4gQmlvbC4gMTk4NSBEYW5p
ZWwucGRmABMAAS8AABUAAgAY//8AANIeHyAhWCRjbGFzc2VzWiRjbGFzc25hbWWjISIjXU5TTXV
0YWJsZURhdGFWTlNEYXRhWE5TT2JqZWN0XxBALi4vLi4vRG9jdW1lbnRzL1BhcGVycy8xOTg1L0
RhbmllbC9KLiBFeHAuIEJpb2wuIDE5ODUgRGFuaWVsLnBkZtIeHyYnoicjXE5TRGljdGlvbmFye
QAIABEAGgAfACkAMgA3ADoAPwBBAFMAXABiAGkAcAB4AIMAhQCIAIoAjACPAJEAkwCdAKoArwC3
ALkCuQK+AscC0gLWAuQC6wL0AzcDPAM/AAAAAAAAAgEAAAAAAAAAKAAAAAAAAAAAAAAAAAAAA0w
=}}

@article{Josephson:1966,
	Author = {R K Josephson and S C March},
	Date-Added = {2008-07-27 20:27:55 -0700},
	Date-Modified = {2008-10-15 11:41:21 -0700},
	Journal = {J Exp Biol},
	Month = {Aug},
	Pages = {493--506},
	Rating = {0},
	Title = {The swimming performance of the sea-anemone \emph{{B}oloceroides}},
	Uri = {papers://7745578F-AF22-43C6-9381-71DCABA46510/Paper/p4775},
	Volume = {44},
	Year = {1966},
	Bdsk-File-1 = {YnBsaXN0MDDUAQIDBAUGCQpYJHZlcnNpb25UJHRvcFkkYXJjaGl2ZXJYJG9iamVjdHMSAAGGoNE
HCFRyb290gAFfEA9OU0tleWVkQXJjaGl2ZXKoCwwXGBkdJCVVJG51bGzTDQ4PEBEUViRjbGFzc1
dOUy5rZXlzWk5TLm9iamVjdHOAB6ISE4ACgAOiFRaABIAGWWFsaWFzRGF0YVxyZWxhdGl2ZVBhd
GjSDRobHFdOUy5kYXRhgAVPEQIQAAAAAAIQAAIAAAxNYWNpbnRvc2ggSEQAAAAAAAAAAAAAAAAA
AADDYZv1SCsAAANopUkfSi4gRXhwLiBCaW9sLiAxOTY2ICMzNjhBNTAyLnBkZgAAAAAAAAAAAAA
AAAAAAAAAAAAAAAAAAAAAAAAAAAAAA2ilAsSyiOwAAAAAAAAAAAACAAUAAAkgAAAAAAAAAAAAAA
AAAAAACUpvc2VwaHNvbgAAEAAIAADDYgx1AAAAEQAIAADEsutcAAAAAQAYA2ilSQAMA9EADANOA
Avf2gAL34UAAHlrAAIAZE1hY2ludG9zaCBIRDpVc2VyczpkZW5uaXNldmFuZ2VsaXN0YTpEb2N1
bWVudHM6UGFwZXJzOjE5NjY6Sm9zZXBoc29uOkouIEV4cC4gQmlvbC4gMTk2NiAjMzY4QTUwMi5
wZGYADgBCACAASgAuACAARQB4AHAALgAgAEIAaQBvAGwALgAgADEAOQA2ADYAIABKAG8AcwBlAH
AAaABzAG8AbgAuAHAAZABmAA8AGgAMAE0AYQBjAGkAbgB0AG8AcwBoACAASABEABIAWFVzZXJzL
2Rlbm5pc2V2YW5nZWxpc3RhL0RvY3VtZW50cy9QYXBlcnMvMTk2Ni9Kb3NlcGhzb24vSi4gRXhw
LiBCaW9sLiAxOTY2IEpvc2VwaHNvbi5wZGYAEwABLwAAFQACABj//wAA0h4fICFYJGNsYXNzZXN
aJGNsYXNzbmFtZaMhIiNdTlNNdXRhYmxlRGF0YVZOU0RhdGFYTlNPYmplY3RfEEYuLi8uLi9Eb2
N1bWVudHMvUGFwZXJzLzE5NjYvSm9zZXBoc29uL0ouIEV4cC4gQmlvbC4gMTk2NiBKb3NlcGhzb
24ucGRm0h4fJieiJyNcTlNEaWN0aW9uYXJ5AAgAEQAaAB8AKQAyADcAOgA/AEEAUwBcAGIAaQBw
AHgAgwCFAIgAigCMAI8AkQCTAJ0AqgCvALcAuQLNAtIC2wLmAuoC+AL/AwgDUQNWA1kAAAAAAAA
CAQAAAAAAAAAoAAAAAAAAAAAAAAAAAAADZg==}}

@article{Andersen:2005a,
	Author = {Andersen, A. and Pesavento, U. and Wang, Z. J.},
	Date-Added = {2008-08-10 09:43:58 -0700},
	Date-Modified = {2008-10-27 15:50:56 -0700},
	Journal = {J. Fluid Mech.},
	Pages = {91--104},
	Pmid = {2024066739266647816related:CPers_ntFhwJ},
	Rating = {0},
	Title = {Analysis of transitions between fluttering, tumbling and steady descent of falling cards},
	Uri = {papers://7745578F-AF22-43C6-9381-71DCABA46510/Paper/p4805},
	Volume = {541},
	Year = {2005},
	Bdsk-File-1 = {YnBsaXN0MDDUAQIDBAUGCQpYJHZlcnNpb25UJHRvcFkkYXJjaGl2ZXJYJG9iamVjdHMSAAGGoNE
HCFRyb290gAFfEA9OU0tleWVkQXJjaGl2ZXKoCwwXGBkdJCVVJG51bGzTDQ4PEBEUViRjbGFzc1
dOUy5rZXlzWk5TLm9iamVjdHOAB6ISE4ACgAOiFRaABIAGWWFsaWFzRGF0YVxyZWxhdGl2ZVBhd
GjSDRobHFdOUy5kYXRhgAVPEQIUAAAAAAIUAAIAAAxNYWNpbnRvc2ggSEQAAAAAAAAAAAAAAAAA
AADDYZv1SCsAAANp5ecfSi4gRmx1aWQgTWVjaC4gMjAwNSMzNkVEMkZDLnBkZgAAAAAAAAAAAAA
AAAAAAAAAAAAAAAAAAAAAAAAAAAAAA27S/MTDsO8AAAAAAAAAAAACAAUAAAkgAAAAAAAAAAAAAA
AAAAAACEFuZGVyc2VuABAACAAAw2IMdQAAABEACAAAxMQTXwAAAAEAGANp5ecADAp4AAwDTgAL3
9oAC9+FAAB5awACAGNNYWNpbnRvc2ggSEQ6VXNlcnM6ZGVubmlzZXZhbmdlbGlzdGE6RG9jdW1l
bnRzOlBhcGVyczoyMDA1OkFuZGVyc2VuOkouIEZsdWlkIE1lY2guIDIwMDUjMzZFRDJGQy5wZGY
AAA4ARgAiAEoALgAgAEYAbAB1AGkAZAAgAE0AZQBjAGgALgAgADIAMAAwADUAIABBAG4AZABlAH
IAcwBlAG4ALQAyAC4AcABkAGYADwAaAAwATQBhAGMAaQBuAHQAbwBzAGgAIABIAEQAEgBZVXNlc
nMvZGVubmlzZXZhbmdlbGlzdGEvRG9jdW1lbnRzL1BhcGVycy8yMDA1L0FuZGVyc2VuL0ouIEZs
dWlkIE1lY2guIDIwMDUgQW5kZXJzZW4tMi5wZGYAABMAAS8AABUAAgAY//8AANIeHyAhWCRjbGF
zc2VzWiRjbGFzc25hbWWjISIjXU5TTXV0YWJsZURhdGFWTlNEYXRhWE5TT2JqZWN0XxBHLi4vLi
4vRG9jdW1lbnRzL1BhcGVycy8yMDA1L0FuZGVyc2VuL0ouIEZsdWlkIE1lY2guIDIwMDUgQW5kZ
XJzZW4tMi5wZGbSHh8mJ6InI1xOU0RpY3Rpb25hcnkACAARABoAHwApADIANwA6AD8AQQBTAFwA
YgBpAHAAeACDAIUAiACKAIwAjwCRAJMAnQCqAK8AtwC5AtEC1gLfAuoC7gL8AwMDDANWA1sDXgA
AAAAAAAIBAAAAAAAAACgAAAAAAAAAAAAAAAAAAANr}}

@article{LaBarbera:1978,
	Abstract = {Moving fluids are a pervasive feature in the lives of most organisms; flow tanks are convenient tools for studying the interactions of organisms and fluids. The authors propose a general design, giving suggestions for construction and use along with a discussion of the past and potential applications of flow tanks.},
	Author = {Michael LaBarbera and Steven Vogel},
	Date-Added = {2008-06-03 16:01:51 -0700},
	Date-Modified = {2008-10-15 11:20:07 -0700},
	Journal = {BioScience},
	Month = {Oct},
	Number = {10},
	Pages = {638--643},
	Pmid = {1307394},
	Rating = {5},
	Title = {Simple flow tanks for research and teaching},
	Uri = {papers://7745578F-AF22-43C6-9381-71DCABA46510/Paper/p4496},
	Volume = {28},
	Year = {1978},
	Bdsk-File-1 = {YnBsaXN0MDDUAQIDBAUGCQpYJHZlcnNpb25UJHRvcFkkYXJjaGl2ZXJYJG9iamVjdHMSAAGGoNE
HCFRyb290gAFfEA9OU0tleWVkQXJjaGl2ZXKoCwwXGBkdJCVVJG51bGzTDQ4PEBEUViRjbGFzc1
dOUy5rZXlzWk5TLm9iamVjdHOAB6ISE4ACgAOiFRaABIAGWWFsaWFzRGF0YVxyZWxhdGl2ZVBhd
GjSDRobHFdOUy5kYXRhgAVPEQIGAAAAAAIGAAIAAAxNYWNpbnRvc2ggSEQAAAAAAAAAAAAAAAAA
AADDYZv1SCsAAANOtlMdQmlvU2NpZW5jZSAxOTc4IExhQmFyYmVyYS5wZGYAAAAAAAAAAAAAAAA
AAAAAAAAAAAAAAAAAAAAAAAAAAAAAA062FMRrGnIAAAAAAAAAAAACAAUAAAkgAAAAAAAAAAAAAA
AAAAAACUxhQmFyYmVyYQAAEAAIAADDYgx1AAAAEQAIAADEa3ziAAAAAQAYA062UwAMBEcADANOA
Avf2gAL34UAAHlrAAIAYk1hY2ludG9zaCBIRDpVc2VyczpkZW5uaXNldmFuZ2VsaXN0YTpEb2N1
bWVudHM6UGFwZXJzOjE5Nzg6TGFCYXJiZXJhOkJpb1NjaWVuY2UgMTk3OCBMYUJhcmJlcmEucGR
mAA4APAAdAEIAaQBvAFMAYwBpAGUAbgBjAGUAIAAxADkANwA4ACAATABhAEIAYQByAGIAZQByAG
EALgBwAGQAZgAPABoADABNAGEAYwBpAG4AdABvAHMAaAAgAEgARAASAFVVc2Vycy9kZW5uaXNld
mFuZ2VsaXN0YS9Eb2N1bWVudHMvUGFwZXJzLzE5NzgvTGFCYXJiZXJhL0Jpb1NjaWVuY2UgMTk3
OCBMYUJhcmJlcmEucGRmAAATAAEvAAAVAAIAGP//AADSHh8gIVgkY2xhc3Nlc1okY2xhc3NuYW1
loyEiI11OU011dGFibGVEYXRhVk5TRGF0YVhOU09iamVjdF8QQy4uLy4uL0RvY3VtZW50cy9QYX
BlcnMvMTk3OC9MYUJhcmJlcmEvQmlvU2NpZW5jZSAxOTc4IExhQmFyYmVyYS5wZGbSHh8mJ6InI
1xOU0RpY3Rpb25hcnkACAARABoAHwApADIANwA6AD8AQQBTAFwAYgBpAHAAeACDAIUAiACKAIwA
jwCRAJMAnQCqAK8AtwC5AsMCyALRAtwC4ALuAvUC/gNEA0kDTAAAAAAAAAIBAAAAAAAAACgAAAA
AAAAAAAAAAAAAAANZ},
	Bdsk-Url-1 = {http://www.jstor.org/stable/1307394}}

@article{Lawn:1976a,
	Author = {I D Lawn},
	Date-Added = {2008-07-21 21:05:57 -0700},
	Date-Modified = {2008-10-15 11:42:03 -0700},
	Journal = {Nature},
	Month = {Jul},
	Pages = {708--709},
	Rating = {4},
	Title = {Swimming in the sea anemone \emph{{S}tomphia coccinea} triggered by a slow conduction system},
	Uri = {papers://7745578F-AF22-43C6-9381-71DCABA46510/Paper/p4713},
	Volume = {262},
	Year = {1976},
	Bdsk-File-1 = {YnBsaXN0MDDUAQIDBAUGCQpYJHZlcnNpb25UJHRvcFkkYXJjaGl2ZXJYJG9iamVjdHMSAAGGoNE
HCFRyb290gAFfEA9OU0tleWVkQXJjaGl2ZXKoCwwXGBkdJCVVJG51bGzTDQ4PEBEUViRjbGFzc1
dOUy5rZXlzWk5TLm9iamVjdHOAB6ISE4ACgAOiFRaABIAGWWFsaWFzRGF0YVxyZWxhdGl2ZVBhd
GjSDRobHFdOUy5kYXRhgAVPEQHOAAAAAAHOAAIAAAxNYWNpbnRvc2ggSEQAAAAAAAAAAAAAAAAA
AADDYZv1SCsAAANnZlQTTmF0cmUgMTk3NiBMYXduLnBkZgAAAAAAAAAAAAAAAAAAAAAAAAAAAAA
AAAAAAAAAAAAAAAAAAAAAAAAAAAAAA2W+GsSqpdgAAAAAAAAAAAACAAUAAAkgAAAAAAAAAAAAAA
AAAAAABExhd24AEAAIAADDYgx1AAAAEQAIAADEqwhIAAAAAQAYA2dmVAAMBCUADANOAAvf2gAL3
4UAAHlrAAIAU01hY2ludG9zaCBIRDpVc2VyczpkZW5uaXNldmFuZ2VsaXN0YTpEb2N1bWVudHM6
UGFwZXJzOjE5NzY6TGF3bjpOYXRyZSAxOTc2IExhd24ucGRmAAAOACgAEwBOAGEAdAByAGUAIAA
xADkANwA2ACAATABhAHcAbgAuAHAAZABmAA8AGgAMAE0AYQBjAGkAbgB0AG8AcwBoACAASABEAB
IARlVzZXJzL2Rlbm5pc2V2YW5nZWxpc3RhL0RvY3VtZW50cy9QYXBlcnMvMTk3Ni9MYXduL05hd
HJlIDE5NzYgTGF3bi5wZGYAEwABLwAAFQACABj//wAA0h4fICFYJGNsYXNzZXNaJGNsYXNzbmFt
ZaMhIiNdTlNNdXRhYmxlRGF0YVZOU0RhdGFYTlNPYmplY3RfEDQuLi8uLi9Eb2N1bWVudHMvUGF
wZXJzLzE5NzYvTGF3bi9OYXRyZSAxOTc2IExhd24ucGRm0h4fJieiJyNcTlNEaWN0aW9uYXJ5AA
gAEQAaAB8AKQAyADcAOgA/AEEAUwBcAGIAaQBwAHgAgwCFAIgAigCMAI8AkQCTAJ0AqgCvALcAu
QKLApACmQKkAqgCtgK9AsYC/QMCAwUAAAAAAAACAQAAAAAAAAAoAAAAAAAAAAAAAAAAAAADEg==}}

@article{Lawn:1976,
	Author = {I D Lawn and I D McFarlane},
	Date-Added = {2008-07-21 21:05:47 -0700},
	Date-Modified = {2008-10-15 11:41:54 -0700},
	Journal = {J Exp Biol},
	Number = {2},
	Pages = {419--429},
	Pmid = {1706180345609160024related:WIXJDvyRrRcJ},
	Rating = {3},
	Title = {Control of shell settling in the swimming sea anemone \emph{{S}tomphia coccinea}},
	Uri = {papers://7745578F-AF22-43C6-9381-71DCABA46510/Paper/p4701},
	Volume = {64},
	Year = {1976},
	Bdsk-File-1 = {YnBsaXN0MDDUAQIDBAUGCQpYJHZlcnNpb25UJHRvcFkkYXJjaGl2ZXJYJG9iamVjdHMSAAGGoNE
HCFRyb290gAFfEA9OU0tleWVkQXJjaGl2ZXKoCwwXGBkdJCVVJG51bGzTDQ4PEBEUViRjbGFzc1
dOUy5rZXlzWk5TLm9iamVjdHOAB6ISE4ACgAOiFRaABIAGWWFsaWFzRGF0YVxyZWxhdGl2ZVBhd
GjSDRobHFdOUy5kYXRhgAVPEQHiAAAAAAHiAAIAAAxNYWNpbnRvc2ggSEQAAAAAAAAAAAAAAAAA
AADDYZv1SCsAAANnZlQYSiBFeHAgQmlvbCAxOTc2IExhd24ucGRmAAAAAAAAAAAAAAAAAAAAAAA
AAAAAAAAAAAAAAAAAAAAAAAAAAAAAA2W9/MSqpYwAAAAAAAAAAAACAAUAAAkgAAAAAAAAAAAAAA
AAAAAABExhd24AEAAIAADDYgx1AAAAEQAIAADEqwf8AAAAAQAYA2dmVAAMBCUADANOAAvf2gAL3
4UAAHlrAAIAWE1hY2ludG9zaCBIRDpVc2VyczpkZW5uaXNldmFuZ2VsaXN0YTpEb2N1bWVudHM6
UGFwZXJzOjE5NzY6TGF3bjpKIEV4cCBCaW9sIDE5NzYgTGF3bi5wZGYADgAyABgASgAgAEUAeAB
wACAAQgBpAG8AbAAgADEAOQA3ADYAIABMAGEAdwBuAC4AcABkAGYADwAaAAwATQBhAGMAaQBuAH
QAbwBzAGgAIABIAEQAEgBLVXNlcnMvZGVubmlzZXZhbmdlbGlzdGEvRG9jdW1lbnRzL1BhcGVyc
y8xOTc2L0xhd24vSiBFeHAgQmlvbCAxOTc2IExhd24ucGRmAAATAAEvAAAVAAIAGP//AADSHh8g
IVgkY2xhc3Nlc1okY2xhc3NuYW1loyEiI11OU011dGFibGVEYXRhVk5TRGF0YVhOU09iamVjdF8
QOS4uLy4uL0RvY3VtZW50cy9QYXBlcnMvMTk3Ni9MYXduL0ogRXhwIEJpb2wgMTk3NiBMYXduLn
BkZtIeHyYnoicjXE5TRGljdGlvbmFyeQAIABEAGgAfACkAMgA3ADoAPwBBAFMAXABiAGkAcAB4A
IMAhQCIAIoAjACPAJEAkwCdAKoArwC3ALkCnwKkAq0CuAK8AsoC0QLaAxYDGwMeAAAAAAAAAgEA
AAAAAAAAKAAAAAAAAAAAAAAAAAAAAys=}}

@article{Chatterjee:2003,
	Author = {Sankar Chatterjee and R. Jack Templin},
	Date-Added = {2007-10-05 10:39:57 -0700},
	Date-Modified = {2008-10-15 11:39:20 -0700},
	Journal = {Naturwissenschaften},
	Month = {Jan},
	Pages = {27--32},
	Rating = {5},
	Title = {The flight of {A}rchaeopteryx},
	Uri = {papers://7745578F-AF22-43C6-9381-71DCABA46510/Paper/p2139},
	Volume = {90},
	Year = {2003},
	Bdsk-File-1 = {YnBsaXN0MDDUAQIDBAUGCQpYJHZlcnNpb25UJHRvcFkkYXJjaGl2ZXJYJG9iamVjdHMSAAGGoNE
HCFRyb290gAFfEA9OU0tleWVkQXJjaGl2ZXKoCwwXGBkdJCVVJG51bGzTDQ4PEBEUViRjbGFzc1
dOUy5rZXlzWk5TLm9iamVjdHOAB6ISE4ACgAOiFRaABIAGWWFsaWFzRGF0YVxyZWxhdGl2ZVBhd
GjSDRobHFdOUy5kYXRhgAVPEQIoAAAAAAIoAAIAAAxNYWNpbnRvc2ggSEQAAAAAAAAAAAAAAAAA
AADDYZv1SCsAAAAMCHofTmF0dXJ3aXNzZW5zY2hhZnRlbiAyI0MwODdCLnBkZgAAAAAAAAAAAAA
AAAAAAAAAAAAAAAAAAAAAAAAAAAAAAAwIe8Mrw5gAAAAAAAAAAAACAAUAAAkgAAAAAAAAAAAAAA
AAAAAACkNoYXR0ZXJqZWUAEAAIAADDYgx1AAAAEQAIAADDLCYIAAAAAQAYAAwIegAMCF0ADANOA
Avf2gAL34UAAHlrAAIAZU1hY2ludG9zaCBIRDpVc2VyczpkZW5uaXNldmFuZ2VsaXN0YTpEb2N1
bWVudHM6UGFwZXJzOjIwMDM6Q2hhdHRlcmplZTpOYXR1cndpc3NlbnNjaGFmdGVuIDIjQzA4N0I
ucGRmAAAOAFAAJwBOAGEAdAB1AHIAdwBpAHMAcwBlAG4AcwBjAGgAYQBmAHQAZQBuACAAMgAwAD
AAMwAgAEMAaABhAHQAdABlAHIAagBlAGUALgBwAGQAZgAPABoADABNAGEAYwBpAG4AdABvAHMAa
AAgAEgARAASAGBVc2Vycy9kZW5uaXNldmFuZ2VsaXN0YS9Eb2N1bWVudHMvUGFwZXJzLzIwMDMv
Q2hhdHRlcmplZS9OYXR1cndpc3NlbnNjaGFmdGVuIDIwMDMgQ2hhdHRlcmplZS5wZGYAEwABLwA
AFQACABj//wAA0h4fICFYJGNsYXNzZXNaJGNsYXNzbmFtZaMhIiNdTlNNdXRhYmxlRGF0YVZOU0
RhdGFYTlNPYmplY3RfEE4uLi8uLi9Eb2N1bWVudHMvUGFwZXJzLzIwMDMvQ2hhdHRlcmplZS9OY
XR1cndpc3NlbnNjaGFmdGVuIDIwMDMgQ2hhdHRlcmplZS5wZGbSHh8mJ6InI1xOU0RpY3Rpb25h
cnkACAARABoAHwApADIANwA6AD8AQQBTAFwAYgBpAHAAeACDAIUAiACKAIwAjwCRAJMAnQCqAK8
AtwC5AuUC6gLzAv4DAgMQAxcDIANxA3YDeQAAAAAAAAIBAAAAAAAAACgAAAAAAAAAAAAAAAAAAA
OG},
	Bdsk-Url-1 = {http://dx.doi.org/10.1007/s00114-002-0385-0%20}}

@article{Demont:1988,
	Author = {Demont, M. Edwin and Gosline, John M.},
	Date-Added = {2008-07-27 20:27:51 -0700},
	Date-Modified = {2008-10-27 15:53:46 -0700},
	Journal = {J Exp Biol},
	Number = {1},
	Pages = {347--361},
	Pmid = {14746773841010852549related:xYJ5OK0Qp8wJ},
	Rating = {4},
	Title = {Mechanics of jet propulsion in the hydromedusan jellyfish, \emph{{P}olyorchis penicillatus}. {III. A} natural resonating bell; the presence and importance of a resonant phenomenon in the locomotor structure},
	Uri = {papers://7745578F-AF22-43C6-9381-71DCABA46510/Paper/p4777},
	Volume = {134},
	Year = {1988},
	Bdsk-File-1 = {YnBsaXN0MDDUAQIDBAUGCQpYJHZlcnNpb25UJHRvcFkkYXJjaGl2ZXJYJG9iamVjdHMSAAGGoNE
HCFRyb290gAFfEA9OU0tleWVkQXJjaGl2ZXKoCwwXGBkdJCVVJG51bGzTDQ4PEBEUViRjbGFzc1
dOUy5rZXlzWk5TLm9iamVjdHOAB6ISE4ACgAOiFRaABIAGWWFsaWFzRGF0YVxyZWxhdGl2ZVBhd
GjSDRobHFdOUy5kYXRhgAVPEQH8AAAAAAH8AAIAAAxNYWNpbnRvc2ggSEQAAAAAAAAAAAAAAAAA
AADDYZv1SCsAAANYxE8dSi4gRXhwLiBCaW9sLiAxOTg4IERlbW9udC5wZGYAAAAAAAAAAAAAAAA
AAAAAAAAAAAAAAAAAAAAAAAAAAAAAA2ilAcSyieoAAAAAAAAAAAACAAUAAAkgAAAAAAAAAAAAAA
AAAAAABkRlTW9udAAQAAgAAMNiDHUAAAARAAgAAMSy7FoAAAABABgDWMRPAAwEvwAMA04AC9/aA
AvfhQAAeWsAAgBfTWFjaW50b3NoIEhEOlVzZXJzOmRlbm5pc2V2YW5nZWxpc3RhOkRvY3VtZW50
czpQYXBlcnM6MTk4ODpEZU1vbnQ6Si4gRXhwLiBCaW9sLiAxOTg4IERlbW9udC5wZGYAAA4APAA
dAEoALgAgAEUAeABwAC4AIABCAGkAbwBsAC4AIAAxADkAOAA4ACAARABlAG0AbwBuAHQALgBwAG
QAZgAPABoADABNAGEAYwBpAG4AdABvAHMAaAAgAEgARAASAFJVc2Vycy9kZW5uaXNldmFuZ2Vsa
XN0YS9Eb2N1bWVudHMvUGFwZXJzLzE5ODgvRGVNb250L0ouIEV4cC4gQmlvbC4gMTk4OCBEZW1v
bnQucGRmABMAAS8AABUAAgAY//8AANIeHyAhWCRjbGFzc2VzWiRjbGFzc25hbWWjISIjXU5TTXV
0YWJsZURhdGFWTlNEYXRhWE5TT2JqZWN0XxBALi4vLi4vRG9jdW1lbnRzL1BhcGVycy8xOTg4L0
RlTW9udC9KLiBFeHAuIEJpb2wuIDE5ODggRGVtb250LnBkZtIeHyYnoicjXE5TRGljdGlvbmFye
QAIABEAGgAfACkAMgA3ADoAPwBBAFMAXABiAGkAcAB4AIMAhQCIAIoAjACPAJEAkwCdAKoArwC3
ALkCuQK+AscC0gLWAuQC6wL0AzcDPAM/AAAAAAAAAgEAAAAAAAAAKAAAAAAAAAAAAAAAAAAAA0w
=}}

@article{Pradeep:1998,
	Author = {S Pradeep},
	Date-Added = {2008-08-10 09:44:05 -0700},
	Date-Modified = {2008-10-15 11:20:08 -0700},
	Journal = {Aircraft Design},
	Number = {2},
	Pages = {89--104},
	Pmid = {16241309875134717918related:3t9yAki5ZOEJ},
	Rating = {0},
	Title = {A century of phugoid approximations},
	Uri = {papers://7745578F-AF22-43C6-9381-71DCABA46510/Paper/p4809},
	Volume = {1},
	Year = {1998},
	Bdsk-File-1 = {YnBsaXN0MDDUAQIDBAUGCQpYJHZlcnNpb25UJHRvcFkkYXJjaGl2ZXJYJG9iamVjdHMSAAGGoNE
HCFRyb290gAFfEA9OU0tleWVkQXJjaGl2ZXKoCwwXGBkdJCVVJG51bGzTDQ4PEBEUViRjbGFzc1
dOUy5rZXlzWk5TLm9iamVjdHOAB6ISE4ACgAOiFRaABIAGWWFsaWFzRGF0YVxyZWxhdGl2ZVBhd
GjSDRobHFdOUy5kYXRhgAVPEQIKAAAAAAIKAAIAAAxNYWNpbnRvc2ggSEQAAAAAAAAAAAAAAAAA
AADDYZv1SCsAAANu0zUfQWlyY3JhZnQgRGVzaWduIDE5OSMzNkVEMzAyLnBkZgAAAAAAAAAAAAA
AAAAAAAAAAAAAAAAAAAAAAAAAAAAAA27TAsTDtDMAAAAAAAAAAAACAAUAAAkgAAAAAAAAAAAAAA
AAAAAAB1ByYWRlZXAAABAACAAAw2IMdQAAABEACAAAxMQWowAAAAEAGANu0zUADAWzAAwDTgAL3
9oAC9+FAAB5awACAGJNYWNpbnRvc2ggSEQ6VXNlcnM6ZGVubmlzZXZhbmdlbGlzdGE6RG9jdW1l
bnRzOlBhcGVyczoxOTk4OlByYWRlZXA6QWlyY3JhZnQgRGVzaWduIDE5OSMzNkVEMzAyLnBkZgA
OAEIAIABBAGkAcgBjAHIAYQBmAHQAIABEAGUAcwBpAGcAbgAgADEAOQA5ADgAIABQAHIAYQBkAG
UAZQBwAC4AcABkAGYADwAaAAwATQBhAGMAaQBuAHQAbwBzAGgAIABIAEQAEgBWVXNlcnMvZGVub
mlzZXZhbmdlbGlzdGEvRG9jdW1lbnRzL1BhcGVycy8xOTk4L1ByYWRlZXAvQWlyY3JhZnQgRGVz
aWduIDE5OTggUHJhZGVlcC5wZGYAEwABLwAAFQACABj//wAA0h4fICFYJGNsYXNzZXNaJGNsYXN
zbmFtZaMhIiNdTlNNdXRhYmxlRGF0YVZOU0RhdGFYTlNPYmplY3RfEEQuLi8uLi9Eb2N1bWVudH
MvUGFwZXJzLzE5OTgvUHJhZGVlcC9BaXJjcmFmdCBEZXNpZ24gMTk5OCBQcmFkZWVwLnBkZtIeH
yYnoicjXE5TRGljdGlvbmFyeQAIABEAGgAfACkAMgA3ADoAPwBBAFMAXABiAGkAcAB4AIMAhQCI
AIoAjACPAJEAkwCdAKoArwC3ALkCxwLMAtUC4ALkAvIC+QMCA0kDTgNRAAAAAAAAAgEAAAAAAAA
AKAAAAAAAAAAAAAAAAAAAA14=}}

@article{Won:2001,
	Author = {J H Won and B J Rho and J I Song},
	Date-Added = {2008-08-06 21:47:13 -0700},
	Date-Modified = {2008-10-15 11:45:15 -0700},
	Journal = {Coral Reefs},
	Month = {Aug},
	Number = {1},
	Pages = {39--50},
	Pii = {Q2BB0HDCBHFRGU7C},
	Rating = {5},
	Title = {A phylogenetic study of the {A}nthozoa (phylum {C}nidaria) based on morphological and molecular characters},
	Uri = {papers://7745578F-AF22-43C6-9381-71DCABA46510/Paper/p4801},
	Volume = {20},
	Year = {2001},
	Bdsk-File-1 = {YnBsaXN0MDDUAQIDBAUGCQpYJHZlcnNpb25UJHRvcFkkYXJjaGl2ZXJYJG9iamVjdHMSAAGGoNE
HCFRyb290gAFfEA9OU0tleWVkQXJjaGl2ZXKoCwwXGBkdJCVVJG51bGzTDQ4PEBEUViRjbGFzc1
dOUy5rZXlzWk5TLm9iamVjdHOAB6ISE4ACgAOiFRaABIAGWWFsaWFzRGF0YVxyZWxhdGl2ZVBhd
GjSDRobHFdOUy5kYXRhgAVPEQHgAAAAAAHgAAIAAAxNYWNpbnRvc2ggSEQAAAAAAAAAAAAAAAAA
AADDYZv1SCsAAANtCQgYQ29yYWwgUmVlZnMgMjAwMSBXb24ucGRmAAAAAAAAAAAAAAAAAAAAAAA
AAAAAAAAAAAAAAAAAAAAAAAAAAAAAA2y/jMS/yZcAAAAAAAAAAAACAAUAAAkgAAAAAAAAAAAAAA
AAAAAAA1dvbgAAEAAIAADDYgx1AAAAEQAIAADEwCwHAAAAAQAYA20JCAAMBukADANOAAvf2gAL3
4UAAHlrAAIAV01hY2ludG9zaCBIRDpVc2VyczpkZW5uaXNldmFuZ2VsaXN0YTpEb2N1bWVudHM6
UGFwZXJzOjIwMDE6V29uOkNvcmFsIFJlZWZzIDIwMDEgV29uLnBkZgAADgAyABgAQwBvAHIAYQB
sACAAUgBlAGUAZgBzACAAMgAwADAAMQAgAFcAbwBuAC4AcABkAGYADwAaAAwATQBhAGMAaQBuAH
QAbwBzAGgAIABIAEQAEgBKVXNlcnMvZGVubmlzZXZhbmdlbGlzdGEvRG9jdW1lbnRzL1BhcGVyc
y8yMDAxL1dvbi9Db3JhbCBSZWVmcyAyMDAxIFdvbi5wZGYAEwABLwAAFQACABj//wAA0h4fICFY
JGNsYXNzZXNaJGNsYXNzbmFtZaMhIiNdTlNNdXRhYmxlRGF0YVZOU0RhdGFYTlNPYmplY3RfEDg
uLi8uLi9Eb2N1bWVudHMvUGFwZXJzLzIwMDEvV29uL0NvcmFsIFJlZWZzIDIwMDEgV29uLnBkZt
IeHyYnoicjXE5TRGljdGlvbmFyeQAIABEAGgAfACkAMgA3ADoAPwBBAFMAXABiAGkAcAB4AIMAh
QCIAIoAjACPAJEAkwCdAKoArwC3ALkCnQKiAqsCtgK6AsgCzwLYAxMDGAMbAAAAAAAAAgEAAAAA
AAAAKAAAAAAAAAAAAAAAAAAAAyg=},
	Bdsk-Url-1 = {http://dx.doi.org/10.1007/s003380000132}}
